1592 2612
159 123 248 166 346
359 146 362 150 1
664 117 873 156 CARMEN
898 117 1032 155 xxm.

378 227 539 263 exercet
571 220 836 275 spatiantibus
870 219 1088 273 quadrigis.

283 292 352 326 315
380 289 420 324 et
451 285 531 323 iam
563 287 602 322 te
635 294 736 322 urna
768 281 870 334 petit
901 282 1060 333 cietque
1093 292 1238 320 raucae

377 343 608 384 acclamatio
643 342 808 382 sibilans
842 353 1032 395 coronae3

378 409 464 444 tum
497 416 574 456 qua
607 408 668 443 est
700 404 818 442 ianua
851 401 1141 454 consulumque
1175 400 1312 455 sedes,

380 464 504 504 ambit
537 477 655 517 quam
688 464 822 516 paries
854 463 1060 515 utrimque
1093 462 1203 502 senis

378 526 529 578 cryptis
561 523 874 576 carceribusque
908 523 1148 576 fornicatus,

282 594 352 627 320
378 598 458 626 uno
491 598 512 625 e
546 589 733 638 quattuor
765 596 838 624 axe
871 583 974 623 forte
1006 583 1110 623 lecto

381 658 522 686 curvas
554 645 779 698 ingrederis
812 656 1002 697 premens
1033 643 1223 684 habenas.

378 707 418 746 id
451 706 602 758 collega
635 711 727 746 tuus
761 704 960 757 simulque
993 703 1106 744 vobis

378 779 472 819 pars
505 767 669 806 adversa
702 767 814 821 facit3
846 767 997 806 micant
1028 763 1197 819 colores,

379 827 492 867 albus
524 827 587 867 vel
620 831 798 881 venetus,
831 827 966 866 virens
998 825 1243 879 rubensque,

281 895 351 928 325
378 893 511 928 vestra
543 889 728 940 insignia.
791 888 1000 927 continent
1032 886 1211 926 ministri

380 960 448 988 ora
481 953 520 988 et
552 948 635 988 lora
668 960 810 988 manus
844 947 1038 1000 iubasque
1070 950 1198 986 tortas

380 1014 526 1061 cogunt
558 1008 760 1049 flexilibus
792 1007 916 1048 latere
949 1007 1068 1048 nodis

378 1069 669 1122 hortanturque
703 1069 835 1109 obiter
867 1070 1084 1121 iuvantque
1117 1066 1276 1107 blandis

379 1129 485 1169 ultro
517 1130 725 1183 plausibus
758 1134 798 1170 et
830 1129 1114 1182 voluptuosum

282 1198 353 1230 330
380 1190 532 1230 dictant
565 1188 963 1243 quadrupedantibus
995 1189 1186 1229 furorem.

380 1250 439 1290 illi
471 1251 519 1290 ad
553 1251 725 1291 claustra
758 1251 936 1291 fremunt
968 1249 1252 1302 repagulisque

380 1311 619 1351 incumbunt
651 1311 771 1352 simul
804 1324 849 1352 ac
881 1323 954 1364 per
987 1310 1193 1350 obseratas

381 1372 652 1412 transfumant
683 1372 839 1412 tabulas
873 1376 914 1412 et
945 1376 1037 1412 ante
1070 1382 1236 1410 cursum

381 1444 544 1485 campus
577 1432 737 1473 flatibus
771 1436 990 1485 occupatur
1022 1430 1180 1471 absens.

284 1500 355 1533 335
382 1492 604 1547 impellunt,
636 1493 852 1547 trepidant,
884 1493 1061 1546 trahunt,
1093 1494 1333 1545 repugnant,

382 1553 607 1608 ardescunt,
641 1553 801 1608 saliunt,
832 1555 989 1607 timent,
1020 1554 1228 1605 timentur,

382 1625 456 1653 nec
489 1626 673 1666 gressum
707 1614 908 1668 cohibent,
941 1613 1012 1654 sed
1045 1613 1227 1665 inquieto

382 1673 569 1714 duratum
601 1675 702 1727 pede
737 1676 916 1728 stipitem
948 1673 1159 1727 flagellant.

382 1734 541 1774 tandem
575 1747 782 1775 murmure
815 1735 985 1775 bucinae
1019 1734 1239 1786 strepentis

286 1801 357 1834 340
385 1806 601 1846 suspensas
633 1795 797 1836 tubicen
829 1807 976 1835 vocans
1010 1794 1226 1847 quadrigas

384 1855 553 1895 effundit
585 1855 738 1896 celeres
770 1858 812 1896 in
845 1869 938 1896 arva
971 1867 1127 1896 currus.

382 1926 463 1954 non
496 1917 553 1955 sic
587 1916 766 1956 fulminis
800 1918 974 1969 impetus
1006 1914 1179 1969 trisulci,

383 1987 463 2015 non
495 1975 608 2028 pulsa
641 1976 827 2029 Scythico
862 1978 1006 2029 sagitta
1037 1987 1174 2029 nervo,

314 2070 316 2073 .
383 2047 464 2074 non
497 2036 631 2076 sulcus
664 2037 802 2089 rapide
836 2037 1016 2077 cadentis
1049 2037 1160 2089 astri,

286 2102 357 2135 345
384 2107 465 2135 non
497 2096 630 2136 fundis
663 2096 896 2137 Balearibus
929 2102 1058 2137 rotata

383 2168 573 2208 umquam
607 2158 664 2196 sic
698 2157 871 2209 liquidos
904 2157 987 2210 poli
1018 2161 1175 2196 meatus

384 2218 492 2268 rupit
524 2217 712 2269 plumbea
745 2217 951 2270 glandium
983 2216 1171 2270 procella.

263 2358 330 2391 321
359 2366 536 2401 premens
562 2358 692 2405 vul90;
717 2356 883 2393 fremens
910 2359 1036 2403 codd.;
1062 2358 1108 2402 cf.
1132 2356 1224 2393 Stat.
1250 2356 1361 2392 Theb.
1389 2354 1458 2401 VI,
1476 2356 1552 2392 41⁷

162 2402 310 2450 pressis
337 2403 584 2450 duplicantur
609 2405 787 2450 habenis3
817 2405 950 2442 Claud.
973 2406 1067 2452 XX,
1088 2407 1162 2442 107
1180 2406 1193 2451 ΙΙ
