1592 2612
31 140 38 148 .
97 138 102 143 .
149 112 239 154 210
656 107 802 144 LIBER
827 106 1004 144 NONUS.

148 217 242 252 neat
273 211 321 251 de
354 215 486 251 cetero
519 210 652 263 licitis,
679 210 749 262 qui
774 208 926 248 inlicita
950 208 1232 260 praesumpsit.
1277 219 1451 260 namque
1478 212 1522 264 et

151 274 339 324 coniuges
370 273 460 324 ipsi,
492 282 731 322 quamquam
762 270 878 321 nupti
909 280 1050 322 nuper,
1082 267 1145 322 his
1176 267 1358 308 moribus
1384 272 1525 322 agunt,

149 332 222 372 hac
253 331 510 383 verecundia,
547 342 639 369 vere
678 334 723 369 ut
754 340 962 382 agnoscas,
1001 329 1036 367 si
1068 326 1193 368 semel
1223 327 1392 382 videris,
1430 327 1520 381 plu-

150 393 296 431 rimum
329 403 415 430 esse
443 390 548 442 quod
575 390 733 429 differat
758 388 823 428 ille
857 388 1166 428 honestissimus
1198 389 1368 428 uxorius
1406 400 1523 428 amor

113 462 130 488 5
150 452 348 503 figmentis
379 449 674 502 inlecebrisque
701 448 1042 489 concubinalibus,
1093 459 1248 488 memor
1272 449 1403 488 nostri
1428 460 1521 489 esse-

95 955 129 981 10

14 1548 127 1580 '20

150 511 330 564 dignare,
362 510 519 550 domine
551 522 662 562 papa.

781 661 879 705 VII.
1408 700 1410 702 ,

260 746 486 782 SIDONIUS
511 744 704 781 DOMINO
730 744 892 780 PAPAE
917 743 1128 781 REMIGIO
1156 742 1398 780 SALUTEM.

241 822 276 863 1.
310 822 478 870 Quidam
505 822 552 862 ab
578 822 767 862 Arvernis
793 820 993 873 Belgicam
1025 826 1168 874 petens
1201 816 1394 876 (persona
1419 819 1523 860 mihi

148 885 304 935 cognita
335 887 413 937 est,
446 895 562 922 causa
595 884 747 935 ignota3
791 893 866 921 nec
910 877 1074 938 refert),
1117 885 1331 934 postquam
1370 879 1519 921 Remos

148 944 369 997 advenerat,
396 942 565 982 scribam
599 947 714 982 tuum
746 942 828 981 sive
860 940 1129 994 bybliopolam·
1160 942 1292 994 p'retio
1318 940 1402 981 fors
1434 940 1521 981 fuat

148 1004 330 1043 officione
363 1003 602 1042 demeritum
627 1003 904 1055 copiosissimo
930 1001 1030 1041 velis
1055 1001 1158 1041 nolis
1186 1000 1520 1042 declamationum

146 1068 306 1103 tuarum
338 1063 499 1103 schedio
538 1064 728 1102 emunxit.
793 1063 863 1115 qui
901 1062 1027 1102 redux
1066 1061 1184 1102 nohis
1217 1066 1336 1115 atque
1369 1061 1519 1114 oppido

148 1123 444 1176 gloriabundus,
477 1124 623 1175 quippe
655 1124 856 1175 perceptis
888 1126 947 1162 tot
979 1121 1268 1176 voluminibus,
1302 1133 1516 1174 quaecum-

149 1196 225 1235 que
265 1182 477 1237 detulerat,
522 1195 761 1235 quamquam
800 1183 973 1222 mercari
1017 1183 1186 1236 paratis,
1231 1181 1338 1235 quod
1382 1185 1517 1222 tamen

113 1254 128 1281 5
150 1245 247 1282 civis
297 1238 390 1298 (nec
429 1247 513 1282 erat
547 1239 782 1299 iniustum),
826 1255 899 1295 pro
950 1254 1117 1283 munere
1155 1243 1336 1294 ingessit.
1399 1254 1521 1282 curae
1580 1251 1584 1254 ’

148 1303 248 1343 mihi
274 1315 294 1342 e
321 1304 488 1355 vestigio
516 1303 591 1343 fuit
615 1303 770 1357 hisque,
803 1305 873 1355 qui
899 1302 1073 1357 student,
1106 1315 1198 1343 cum
1222 1303 1366 1342 merito
1394 1301 1518 1342 lectu-

148 1364 333 1416 riremus,
364 1362 535 1415 plurima
567 1369 717 1418 tenere,
750 1368 891 1403 cuncta
922 1362 1204 1411 transcribere.
1269 1361 1308 1402 2.
1341 1363 1520 1402 omnium

148 1435 315 1462 assensu
359 1425 662 1475 pronuntiatum
699 1436 824 1476 pauca
868 1435 976 1464 nunc
1019 1435 1139 1476 posse
1179 1422 1323 1463 similia
1363 1422 1521 1463 dictari.

148 1484 296 1522 etenim
334 1495 448 1523 rarus
487 1488 554 1523 aut
590 1484 722 1524 nullus
761 1489 844 1538 est,
886 1485 951 1524 cui
987 1483 1229 1524 meditaturo
1265 1495 1338 1536 par
1369 1483 1519 1523 affatim

149 1544 309 1582 assistat
341 1542 549 1595 dispositio
580 1557 653 1596 per
685 1557 836 1598 causas,
867 1545 1015 1596 positio
1047 1556 1120 1596 per
1152 1543 1325 1597 litteras,
1357 1554 1518 1596 compo-

148 1604 240 1642 sitio
272 1615 345 1655 per
377 1603 556 1658 syllabas,
589 1604 635 1643 ad
668 1604 744 1644 hoc
777 1605 1027 1657 oportunitas
1053 1605 1096 1644 in
1123 1603 1317 1656 exemplis
1349 1603 1450 1643 fides
1476 1604 1519 1643 in

146 1661 406 1716 testimoniis,
444 1665 667 1716 proprietas
711 1666 753 1704 in
798 1664 987 1717 epithetis
1026 1663 1233 1704 urbanitas
1277 1665 1320 1704 in
1362 1663 1517 1717 figuris,

146 1723 273 1762 virtus
304 1724 346 1762 in
378 1725 622 1774 argumentis
652 1725 810 1776 pondus
842 1726 884 1764 in
912 1723 1110 1778 sensibus,
1135 1724 1285 1764 flumen
1316 1724 1359 1763 in
1383 1722 1520 1763 verbis

147 1781 298 1822 fulmen
341 1784 383 1821 in
427 1782 625 1824 clausulis.
690 1783 728 1825 3.
780 1789 982 1825 structura
1026 1797 1121 1825 vero
1167 1784 1283 1824 fortis
1323 1788 1363 1824 et
1401 1784 1518 1823 firma

113 1854 127 1879 5
150 1843 555 1896 coniunctionumque
581 1844 873 1895 perfacetarum
893 1858 995 1885 nexa
1022 1845 1200 1885 caesuris
1221 1843 1520 1898 insolubilibus,

149 1902 218 1941 sed
260 1914 334 1942 nec
371 1902 466 1942 hinc
507 1905 639 1943 minus
678 1904 829 1945 lubrica
875 1910 914 1945 et
951 1904 1050 1945 levis
1090 1917 1135 1945 ac
1166 1904 1298 1944 modis
1330 1903 1517 1944 omnibus

148 1962 383 2002 erotundata
422 1975 602 2015 quaeque
624 1963 805 2005 ⁴lectoris
844 1965 1020 2017 linguam
1052 1965 1290 2005 inoffensam
1324 1963 1519 2004 decenter

243 2093 264 2124 2
290 2089 447 2135 nuptiae
467 2090 502 2124 L
525 2091 530 2135 Ι
554 2092 672 2135 agunt
698 2103 763 2127 om.
788 2091 845 2138 011
865 2097 885 2127 3
912 2091 1000 2139 hac]
1029 2103 1073 2127 ac
1093 2091 1210 2129 LOT
1225 2094 1237 2139 ss
1258 2096 1277 2128 7
1305 2103 1387 2130 cum
1411 2092 1517 2138 epist.

154 2136 215 2173 VI
244 2139 370 2174 ceteris
407 2139 550 2174 omissis
589 2140 763 2175 desinunt
792 2139 894 2186 NT;
932 2152 1024 2186 quae
1060 2145 1283 2187 sequntwr,
1314 2140 1520 2186 pallidiore

147 2189 351 2222 atramento
377 2190 533 2222 eoearata
557 2191 645 2222 sunt
670 2189 712 2223 in
736 2188 787 2223 M
801 2191 812 2235 Η
833 2192 877 2223 10
904 2200 970 2223 seu
996 2189 1047 2224 Μ
1053 2189 1083 2225 Ο
1096 2191 1108 2235 ΙΙ
1135 2192 1178 2224 11
1207 2187 1429 2224 officiovene
1455 2188 1519 2232 (ne

146 2239 227 2279 exp,
252 2234 368 2279 F¹)F
385 2235 396 2280 ΙΙ
418 2238 461 2270 13
487 2245 746 2280 quaecumque
766 2236 812 2281 L,
839 2235 1022 2281 quicquid
1043 2237 1094 2272 M
1101 2236 1133 2273 Ο
1149 2238 1155 2284 Ι
1178 2236 1361 2283 quicquid
1385 2246 1516 2282 quam-

147 2292 261 2326 quam
285 2281 446 2317 mercari
470 2282 615 2328 parat-is
649 2282 839 2319 detulerat
867 2284 898 2320 Ο
930 2288 942 2328 ΙΙ
981 2288 1025 2319 15
1051 2284 1147 2322 civis
1173 2285 1226 2330 L,
1261 2285 1366 2320 cuius
1395 2283 1442 2329 0,
1473 2284 1518 2319 ut

148 2328 240 2365 civis
266 2330 324 2375 (ut
348 2341 374 2366 s.
397 2330 418 2366 l.
441 2331 527 2367 add.
548 2330 799 2377 M1)MPF11
820 2336 863 2368 19
886 2332 1031 2369 affatim
1050 2344 1118 2370 om.
1140 2333 1191 2369 M
1198 2331 1318 2370 GPF
1333 2333 1345 2378 ΙΙ
1364 2336 1410 2369 26
1431 2336 1521 2378 post

146 2376 242 2414 levis
268 2378 390 2423 deficit
415 2379 458 2415 in
483 2379 560 2415 ima
579 2380 726 2427 payina
751 2379 816 2427 ΕΙ,
1104 2385 1106 2387 “
