1592 2612
227 0 397 25 Ty
412 0 419 7 2

327 97 556 159 amonius
579 119 869 158 Pommo
894 117 991 158 suo
1018 119 1263 158 SALUTEM.
1401 121 1490 165 115

100 224 192 280 hoc,
222 229 270 265 ut
300 220 442 265 sileam
472 223 524 264 de
555 235 704 276 genere
736 222 800 263 vel
831 235 969 276 censu,
1001 227 1111 264 aetas
1141 229 1334 263 venustas
1358 223 1491 276 pudor

100 286 464 340 patrocinarentur.
528 284 600 324 sed
632 289 677 324 ut
714 285 914 338 comperi,
952 282 1218 324 erubescebat
1255 284 1335 324 iam
1368 285 1490 325 etiam

100 353 200 387 tunc
229 347 293 386 vir
324 346 458 386 serius
489 349 531 385 et
561 344 714 385 formae
746 344 840 385 dote
871 344 1085 398 placuisse,
1124 346 1274 397 quippe
1307 346 1375 385 cui
1404 357 1490 385 me-

100 408 182 448 rito
212 407 368 459 ingenii
399 405 628 446 suffecisset
659 405 848 445 adamari.
906 410 946 445 et
976 417 1071 445 vere
1104 407 1283 458 optimus
1316 407 1489 459 quisque

100 479 261 508 morum
309 467 583 520 praestantius
633 465 936 519 pulchritudine
986 465 1137 520 placet;
1186 477 1310 519 porro
1354 471 1490 506 autem
1528 479 1546 505 5

98 526 435 582 praetervolantia
479 528 663 580 corporis
707 526 992 567 decoramenta
1031 528 1233 566 currentis
1271 523 1359 567 aevi
1396 539 1489 580 pro-

98 588 209 629 fectu
250 587 491 640 defectuque
530 586 753 628 labascunt.
821 587 930 627 hunc
970 599 1131 640 quoque
1170 592 1359 627 manente
1399 600 1491 628 sen-

99 650 228 689 tentia
258 647 398 688 Galliis
435 652 530 701 post
564 648 794 701 praefectus
831 647 998 688 Priscus
1030 647 1267 688 Valerianus
1305 647 1490 688 consiliis

100 710 187 750 suis
230 707 583 761 tribunalibusque
628 710 814 763 sociavit,
857 708 1055 749 iudicium
1100 709 1312 761 antiquum
1349 721 1488 762 perse-

98 771 381 810 verantissime
425 774 570 809 tenens
575 801 589 823 ,
631 776 695 824 ut,
740 771 806 810 cui
851 770 1044 809 scientiae
1090 768 1258 809 obtentu
1302 770 1491 810 iunxerat
1510 783 1546 810 ιο

100 829 297 884 subolem,
336 831 524 882 iungeret
556 835 597 870 et
628 830 877 883 dignitatem.
941 827 981 870 3.
1014 834 1083 870 tua
1120 842 1216 869 vero
1254 835 1338 870 tam
1370 829 1491 885 clara,

98 896 182 932 tam
214 889 448 944 spectabilis
480 889 604 930 dictio
637 896 717 941 est,
755 895 800 931 ut
837 889 898 930 illi
936 890 1081 930 divisio
1112 889 1367 930 Palaemonis
1400 903 1490 943 gra-

98 953 200 992 vitas
239 950 452 1004 Gallionis,
497 950 741 991 abundantia
783 950 988 1004 Delphidii
1031 950 1220 1004 Agroecii
1264 951 1490 1005 disciplina,

98 1011 293 1052 fortitudo
325 1011 471 1052 Alcimi
502 1011 689 1064 Adelphii
720 1011 971 1065 teneritudo,
1009 1012 1121 1064 rigor
1150 1011 1285 1064 Magni
1317 1011 1489 1052 dulcedo

98 1072 267 1113 Victorii
306 1085 389 1112 non
430 1071 550 1112 modo
587 1084 670 1112 non
711 1073 920 1125 superiora
962 1071 1033 1112 sed
1070 1073 1136 1111 vix
1174 1071 1491 1125 aequiperabilia
1510 1086 1546 1113 15

100 1132 291 1174 scribant.
355 1145 452 1173 sane
483 1145 535 1172 ne
574 1132 711 1172 videar
748 1132 824 1173 tibi
857 1132 933 1173 sub
964 1132 1042 1173 hoc
1081 1134 1196 1185 quasi
1227 1132 1489 1185 hyperbolico

98 1193 309 1234 rhetorum
329 1193 507 1246 catalogo
526 1192 733 1233 blanditus
761 1194 967 1246 quippiam
993 1193 1336 1247 gratificatusque,
1362 1193 1490 1233 solam

98 1253 176 1294 tibi
207 1255 471 1294 acrimoniam
496 1253 734 1301 Quintiliani
764 1266 1035 1307 pompamque
1063 1253 1231 1294 Palladii
1263 1255 1491 1307 comparari

98 1326 181 1355 non
213 1314 372 1367 ambigo
405 1314 476 1354 sed
514 1315 650 1367 potius
682 1314 911 1367 adquiesco.
974 1313 1016 1354 4.
1049 1319 1297 1367 quapropter
1329 1316 1366 1354 si
1398 1316 1489 1368 quis

99 1380 191 1428 post
228 1387 299 1415 vos
336 1374 473 1415 Latiae
518 1374 624 1415 favet.
668 1375 907 1428 eruditioni,
950 1374 1047 1415 huic
1091 1376 1292 1415 amicitiae
1337 1377 1487 1428 gratias
1509 1390 1546 1416 20

99 1437 181 1488 agit
212 1440 253 1476 et
285 1434 487 1475 sodalitati
518 1440 694 1489 vestrae,
739 1437 775 1475 si
812 1435 910 1488 quid
947 1435 1126 1475 hominis
1158 1435 1298 1490 habet,
1340 1437 1489 1476 tertius

100 1500 211 1548 optat
239 1494 434 1535 adhiberi.
486 1507 741 1549 quamquam,
773 1495 881 1548 quod
908 1500 970 1535 est
995 1497 1170 1550 gravius,
1201 1508 1283 1535 non
1310 1497 1364 1536 sit
1389 1498 1488 1536 satis

99 1555 275 1596 ambitus
301 1557 379 1596 iste
412 1555 620 1596 fastidium
651 1555 766 1595 vobis
792 1557 1054 1610 excitaturus,
1086 1557 1180 1608 quia
1205 1557 1325 1609 pauci
1354 1557 1489 1597 studia

99 1629 208 1657 nunc
239 1616 457 1670 honorant3
497 1615 617 1656 simul
655 1620 696 1656 et
733 1615 907 1656 naturali
938 1617 1037 1655 vitio
1076 1617 1201 1656 fixum
1239 1621 1303 1657 est
1332 1616 1487 1657 radica-

99 1682 267 1731 tumque
299 1676 533 1730 pectoribus
564 1676 765 1731 humanis,
796 1681 853 1731 ut,
886 1677 956 1729 qui
988 1688 1070 1716 non
1102 1675 1343 1729 intellegunt
1368 1682 1488 1732 artes,
1508 1692 1544 1720 25

101 1750 184 1778 non
215 1739 420 1778 mirentur
451 1737 638 1777 artifices.
701 1736 798 1777 vale.

756 1890 831 1934 XI.

326 1974 556 2012 SIDONIUS
581 1973 870 2011 POTENTINO
898 1973 991 2011 SUO
1019 1973 1261 2011 SALUTEM.

195 2050 232 2092 1.
264 2051 434 2093 Multum
466 2057 505 2092 te
539 2064 737 2106 amamu83
776 2056 816 2092 et
854 2051 1018 2105 quidem
1054 2051 1224 2091 huiusce
1258 2050 1488 2092 dilectionis

100 2124 182 2152 non
212 2117 275 2153 est
300 2125 495 2153 erroneus
522 2118 590 2152 aut
616 2112 808 2153 fortuitus
835 2113 1013 2153 affectus.
1065 2124 1238 2164 namque
1266 2116 1310 2151 ut
1337 2111 1486 2152 sodalis

199 2221 217 2253 1
244 2218 426 2253 venustas
454 2218 562 2253 aetas
590 2216 622 2253 0
648 2219 660 2264 ΙΙ
692 2221 714 2253 2
741 2216 860 2253 etiam
885 2228 954 2254 om.
983 2215 1016 2253 Ο
1085 2221 1108 2251 4
1134 2226 1223 2251 vere
1251 2215 1297 2252 N
1306 2216 1398 2253 VM
1405 2216 1486 2262 OT,

99 2275 190 2302 vero
215 2265 253 2302 L
270 2267 284 2312 11
303 2269 324 2302 8
350 2267 440 2312 post
464 2265 658 2312 prefectus
683 2264 813 2312 galliis
842 2265 874 2302 0
887 2267 900 2311 n
921 2269 963 2301 11
993 2266 1032 2300 et
1057 2276 1126 2301 om.
1154 2264 1190 2299 L
1209 2265 1221 2310 ΙΙ
1244 2267 1288 2299 16
1315 2263 1487 2300 scribant

101 2313 155 2359 L,
187 2314 405 2350 scribantur
430 2314 476 2350 N
485 2314 577 2350 VM
582 2313 656 2350 GT
688 2317 700 2360 ΙΙ
740 2318 783 2350 18
809 2323 1066 2360 pompamque
1093 2312 1149 2358 L,
1182 2323 1364 2359 pompam
1394 2316 1485 2359 (que

101 2371 183 2444 ἰωῇ.
203 2362 458 2448 1GV¹)NMCT
479 2364 491 2409 l}
521 2366 566 2398 19
593 2361 747 2408 ambigo
774 2362 1006 2407 NVMOT,
1033 2360 1160 2397 ambio
1187 2361 1254 2407 Lu
1280 2365 1324 2397 21
1353 2361 1486 2398 solidi-

121 2409 177 2445 ati
249 2413 262 2457 Ι]

1219 2470 1267 2506 8*
