1592 2612
594 129 806 167 CABMEN
828 130 945 168 XXII.
1373 129 1464 173 333

201 233 289 286 ipsa
315 236 447 273 autem
474 233 649 285 quantis,
674 231 822 285 quihus
848 237 917 273 aut
942 237 1038 273 sunt
1061 231 1161 273 fulta
1186 231 1403 273 columnis!
1427 263 1431 266 -

203 292 321 333 cedat
343 294 519 346 puniceo
550 294 755 345 pretiosus
786 293 888 333 livor
919 295 963 334 in
995 299 1111 333 antro

128 388 131 393 ,
204 353 431 407 Synnados,
462 357 503 393 et
534 352 759 394 Nomadum
791 355 862 407 qui
891 359 1027 407 portat
1057 353 1236 394 eburnea
1268 366 1363 394 saxa

203 413 319 454 collis
350 419 392 454 et
420 413 607 454 herbosis
639 427 741 467 quae
773 420 943 455 vernant
973 427 1175 455 marmora
1205 416 1338 469 venis3

111 483 180 516 140
205 474 444 515 candentem
474 475 555 514 iam
586 474 678 515 nolo
710 475 859 529 Paron,
890 477 972 515 iam
1003 475 1096 515 nolo
1128 475 1343 530 Caryston3

206 534 326 575 vilior
356 539 420 575 est
449 535 573 575 rubro
606 548 708 588 quae
740 536 890 589 pendet
919 549 1100 590 purpura
1133 548 1240 577 saxo.

204 600 246 635 et
275 608 327 636 ne
358 597 575 649 posteritas
606 595 780 650 dubitet,
813 598 904 649 quis
937 597 1123 637 conditor
1154 601 1282 650 extet,

206 655 311 696 fixus
341 657 384 696 in
415 657 587 696 introitu
618 656 719 710 lapis
752 662 835 711 est3
866 658 932 697 hic
963 659 1128 698 nomina
1161 659 1293 710 signat

206 721 435 771 auctorum3
467 717 538 757 sed
569 723 736 770 propter
767 730 888 771 aqua,
920 722 961 758 et
991 719 1158 771 vestigia
1190 730 1333 771 pressa

110 785 180 818 145
206 789 309 830 quae
339 778 447 830 rapit
477 783 519 818 et
549 778 639 818 fuso
671 777 846 831 detergit
876 780 1034 831 gurgite
1067 790 1248 819 caenum.

206 837 416 878 sectilibus
447 839 582 891 paries
614 837 762 878 tabulis
793 844 996 879 crustatus
1028 839 1078 879 ad
1110 851 1232 879 aurea

203 902 311 939 tecta
342 899 471 951 venit,
502 898 610 939 fulvo
641 900 764 939 nimis
797 898 1079 940 abscondenda
1110 899 1290 954 metallo3

205 971 300 999 nam
331 958 511 1012 locuples
542 959 702 999 fortuna
734 959 878 1000 domus
910 972 992 1000 non
1022 973 1141 1013 passa
1172 959 1298 1000 latere

207 1019 368 1059 divitias
399 1019 553 1074 prodit,
585 1032 678 1060 cum
710 1022 770 1060 sic
802 1033 875 1060 sua
906 1020 1083 1061 culmina
1115 1020 1228 1061 celat.

114 1087 183 1120 150
206 1079 307 1120 haec
337 1085 431 1133 post
462 1081 639 1132 assurgit
669 1080 954 1134 duplicemque
986 1082 1220 1134 supervenit
1253 1081 1394 1122 aedem

207 1141 391 1193 porticus
415 1142 503 1194 ipsa
528 1140 695 1195 duplex,
729 1141 882 1194 duplici
911 1154 994 1182 non
1026 1143 1185 1194 cognita
1216 1141 1408 1195 plaustro.

207 1213 379 1253 quarum
409 1213 532 1241 unam
562 1201 676 1242 molli
707 1201 947 1242 subductam
978 1204 1130 1243 vertice
1163 1215 1307 1243 curvae

209 1260 391 1301 obversis
422 1261 586 1315 paulum
617 1267 850 1315 respectant
880 1263 1074 1303 cornibus
1106 1262 1202 1303 alae.

210 1322 298 1374 ipsa
329 1321 438 1362 diem
469 1327 608 1362 natum
640 1324 772 1363 cernit
802 1325 1028 1364 sinuamine
1061 1323 1223 1377 dextro,

117 1389 187 1422 155
213 1381 346 1421 fronte
378 1382 519 1422 videns
551 1383 748 1437 medium,
779 1383 891 1424 laevo
923 1386 1059 1424 visura
1091 1384 1313 1424 cadentem.

210 1453 292 1481 non
322 1442 457 1494 perdit
488 1444 704 1496 quicquam
734 1445 843 1484 trino
877 1444 926 1484 de
958 1444 1124 1484 cardine
1156 1444 1258 1485 caeli

211 1507 252 1542 et
282 1506 412 1542 totum
445 1502 572 1542 solem
603 1503 739 1544 lunata
769 1516 843 1556 per
874 1506 975 1545 atria
1007 1510 1151 1545 servat.

214 1574 329 1602 sacra
360 1562 606 1603 tridentiferi
636 1563 741 1604 Iovis
772 1564 839 1604 hic
871 1569 1051 1605 armenta
1084 1565 1285 1618 profundo

212 1622 431 1663 Pharnacis
462 1625 667 1676 immergit
697 1626 875 1678 genitor3
907 1638 1100 1678 percussa
1133 1627 1268 1666 securi

117 1691 186 1725 160
213 1695 382 1736 corpora
414 1684 679 1737 cornipedum
710 1690 923 1738 certasque
956 1685 1174 1726 rubescere
1206 1685 1343 1739 plagas

213 1745 434 1796 sanguineo
467 1744 516 1784 dc
548 1757 640 1785 rore
672 1750 810 1799 putes;
843 1751 922 1786 stat
946 1746 1126 1786 vulneris
1157 1746 1305 1787 horror

212 1816 352 1857 verus,
384 1810 425 1844 et
456 1806 604 1845 occisis
636 1807 734 1846 vivit
765 1808 923 1859 pictura
956 1806 1177 1859 quadrigis.

211 1863 402 1905 Ponticus
434 1865 529 1906 hinc
561 1871 695 1906 rector
725 1868 954 1907 numerosis
981 1867 1154 1920 Cyzicon
1185 1869 1309 1907 armis

214 1924 384 1979 claudit3
416 1931 456 1965 at
487 1926 581 1966 hinc
614 1928 735 1967 sociis
769 1926 908 1967 consul
941 1926 1134 1968 Lucullus
1167 1940 1286 1980 opem
1317 1928 1414 1982 fert,

119 1993 187 2026 165
215 1985 528 2039 compulsusque
561 1987 678 2027 famis
710 1987 944 2028 discrimina
978 1999 1135 2028 summa
1167 1988 1304 2028 subire

214 2046 368 2086 invidet
400 2045 567 2086 obsesso
599 2046 715 2087 miles
739 2047 1035 2088 Mithridaticus
1066 2048 1184 2088 hosti.

217 2111 350 2146 enatat
382 2106 447 2146 hic
474 2107 639 2160 pelagus
670 2107 840 2149 Romani
870 2108 1013 2149 militis
1044 2109 1166 2149 ardor

216 2171 257 2206 et
289 2166 469 2207 chartam
501 2167 660 2207 madido
693 2173 941 2222 transportat
972 2181 1142 2222 corpore
1176 2170 1336 2210 siccam.

217 2226 392 2280 desuper
424 2229 467 2267 in
499 2227 660 2280 longum
692 2231 892 2282 porrectis
925 2229 1069 2269 horrea
1101 2231 1219 2270 tectis

194 2369 262 2402 138
287 2366 498 2402 numadum
523 2369 627 2405 codd.
659 2370 672 2415 n
705 2373 776 2405 144
802 2381 902 2416 aqua
927 2371 1059 2417 vulgo,-
1084 2381 1226 2416 aquam
1251 2372 1356 2410 codd.
1388 2373 1394 2419 Ι
1422 2373 1477 2420 et]

97 2424 150 2450 cm
174 2416 257 2450 est?
276 2417 290 2462 Ι
311 2419 377 2451 151
405 2417 452 2461 cf.
474 2427 504 2453 c.
532 2416 578 2462 V,
596 2420 675 2455 281
695 2419 707 2465 ΙΙ
