1592 2612
351 106 582 146 SIDONIUS
606 105 804 144 MONTIO
830 105 924 144 SUO
951 106 1196 144 SALUTEM.
1411 105 1471 149 27

82 217 174 254 tuae
217 215 381 266 praeter
420 210 524 251 iuris
564 210 757 250 iniuriam
794 210 838 249 in
879 214 1157 250 accusatorem
1193 221 1330 249 meum
1368 220 1472 261 quae

80 272 170 314 volo
215 268 419 313 scribam?
484 268 553 311 14.
592 269 642 310 ad
682 269 783 310 haec
823 271 910 323 ipse
952 269 1172 311 Paeonium
1214 270 1473 323 conspicatus

80 339 184 376 nutu
214 333 350 387 coepit
379 331 594 376 consulere
623 335 847 384 nutantem,
878 330 1109 384 placeretne
1142 330 1342 371 condicio.
1400 329 1472 370 sed

79 407 174 436 cum
210 393 279 434 ille
310 392 504 434 confusus
537 392 771 432 reticuisset
807 392 1081 446 princepsque
1114 391 1347 432 consuleret
1379 403 1471 431 eru-

77 454 283 509 bescenti,
326 455 399 494 ait:
424 450 594 506 ’‘annuo
625 451 858 507 postulatis,
896 454 933 493 si
969 452 1046 493 hoc
1079 454 1214 506 ipsum
1245 464 1267 492 e
1300 452 1471 505 vestigio
1509 463 1527 490 ⁵

78 515 266 556 versibus
302 511 446 569 petas?
508 510 623 568 ‘fiat’,
662 515 846 567 inquam3
891 518 1200 566 retrorsumque
1239 525 1473 566 conversuS,

78 581 286 630 tamquam
316 587 462 629 aquam
494 573 682 615 manibus
708 586 935 629 poscerem,
967 579 1205 627 tantumque
1232 578 1473 628 remoratUS,

79 638 278 691 quantum
303 635 468 677 stibadii
493 634 692 676 circulum
719 634 937 675 celerantia
963 636 1191 675 ministeria
1214 639 1474 688 percurrunt,

80 697 264 739 cubitum
288 701 378 738 toro
405 696 576 747 reddidi.
627 700 668 736 et
693 697 932 749 imperator:
962 693 1256 749 ‘spoponderas
1281 700 1322 735 te
1347 694 1472 735 licen-

77 759 179 799 tiam
228 757 466 799 scribendae
518 758 666 797 satirae
716 756 903 797 versibus
954 756 1102 797 subitis
1145 751 1473 810 postulaturum.'
1493 768 1528 794 ιο

79 824 122 860 et
153 831 247 873 ego:

173 890 369 933 ‘scrihere
400 904 466 932 me
499 892 664 931 satiram
697 891 768 943 qui
799 889 946 944 culpat,
978 891 1151 930 maxime
1183 891 1389 943 princeps,

234 953 338 993 hanc
370 964 468 1005 rogo
501 951 698 992 decernas
730 956 798 991 aut
829 950 976 1004 probet
1007 956 1077 991 aut
1107 947 1276 990 timeat?

83 1035 151 1079 15.
185 1043 350 1078 secutus
382 1042 446 1078 est
477 1037 631 1091 fragor,
668 1037 750 1076 nisi
783 1035 891 1089 quod
929 1035 1020 1076 dico
1059 1036 1250 1076 iactantia
1283 1039 1364 1089 est,
1400 1046 1475 1087 par

80 1097 316 1153 Camillano,
348 1110 468 1152 quem
503 1097 669 1151 quidem
699 1109 783 1137 non
814 1102 898 1137 tam
930 1097 1124 1137 carminis
1150 1096 1326 1149 dignitas
1353 1107 1474 1148 quam
1494 1106 1530 1134 15

80 1161 278 1212 temporis
309 1159 487 1199 brevitas
518 1159 681 1198 meruit.
744 1162 784 1198 et
827 1159 1039 1211 princeps:
1084 1154 1223 1197 ‘deum
1266 1161 1396 1196 testor
1434 1161 1475 1196 et

81 1225 233 1261 statum
270 1219 478 1273 publicum
516 1231 582 1259 me
621 1219 670 1259 de
716 1223 853 1259 cetero
898 1230 1119 1271 numquam
1160 1216 1475 1270 prohibiturum,

81 1282 183 1335 quin
214 1293 317 1334 quae
348 1279 450 1320 velis
479 1279 647 1334 scribas,
680 1281 830 1333 quippe
856 1291 950 1320 cum
975 1278 1052 1319 tibi
1078 1279 1234 1319 crimen
1253 1279 1474 1331 impactum

82 1341 248 1395 probari
279 1340 390 1382 nullo
422 1341 542 1381 modo
573 1342 721 1395 possit3
754 1339 877 1380 simul
910 1345 950 1380 et
981 1340 1254 1393 periniurium
1287 1343 1350 1379 est
1383 1350 1474 1378 sen-

82 1403 253 1443 tentiam
289 1403 504 1455 purpurati
542 1401 725 1442 tribuere
767 1402 936 1454 privatis
974 1400 1051 1440 hoc
1091 1398 1385 1453 simultatibus,
1429 1403 1476 1439 ut
1495 1411 1530 1437 20

81 1464 280 1503 innocens
320 1475 367 1502 ac
407 1474 550 1502 secura
588 1461 778 1502 nobilitas
815 1466 984 1514 propter
1022 1460 1113 1500 odia
1151 1465 1262 1500 certa
1304 1461 1474 1500 crimine

83 1525 240 1564 incerto
272 1519 555 1576 peric-litetur?
620 1522 669 1562 ad
700 1522 805 1562 hanc
836 1523 924 1574 ipse
958 1522 1203 1561 sententiam
1236 1532 1330 1561 cum
1361 1532 1476 1560 vere·
1542 1533 1552 1543 ·

83 1583 214 1624 eunde
260 1584 390 1636 capite
433 1582 609 1623 demisso
649 1583 798 1635 gratias
837 1594 1017 1637 agerem,
1062 1582 1355 1622 contionatoris
1393 1581 1476 1621 mei

82 1649 307 1698 coeperunt
339 1656 409 1684 ora
440 1642 611 1697 pallere,
649 1644 693 1683 in
726 1655 828 1696 quae
860 1642 980 1696 paulo
1019 1647 1111 1682 ante
1144 1646 1237 1695 post
1268 1643 1372 1681 iram
1403 1642 1476 1681 tri-

82 1706 196 1746 stitia
227 1709 499 1758 successerat3
531 1716 607 1745 nec
639 1705 738 1744 satis
764 1703 906 1757 defuit,
938 1704 1037 1756 quin
1062 1702 1244 1756 gelarent
1268 1706 1475 1758 tamquam
1496 1712 1533 1740 25

82 1766 134 1807 ad
166 1770 350 1807 exertum
388 1765 586 1818 praebere
624 1765 805 1805 cervices
843 1765 957 1819 iussa
994 1775 1243 1804 mucronem.
1309 1760 1379 1804 16.
1410 1763 1477 1802 vix

83 1831 177 1880 post
212 1826 312 1867 haec
350 1825 426 1867 alia
464 1838 610 1879 pauca:
647 1826 911 1866 surreximus.
974 1823 1183 1878 paululum
1221 1822 1270 1863 ab
1309 1827 1478 1875 aspectu

84 1889 343 1940 imperatoris
386 1899 718 1940 processeramus
763 1891 883 1939 atque
924 1887 1155 1926 etiamnunc
1198 1883 1476 1937 chlamydibus

83 1947 365 2002 induebamur,
408 1960 502 1988 cum
533 1947 634 1987 mibi
666 1946 809 1987 consul
847 1946 896 1987 ad
934 1951 1096 1999 pectus,
1134 1945 1395 1999 praefectorii
1427 1943 1476 1984 ad

84 2021 229 2049 manus
271 2008 434 2062 cadere,
479 2009 566 2061 ipse
612 2007 679 2048 ille
725 2019 821 2048 reus
860 2009 1015 2047 amicus
1057 2005 1201 2046 crebro
1242 2010 1282 2045 et
1321 2003 1476 2045 abiecte
1496 2016 1535 2043 so

85 2068 375 2110 miserantibus
408 2069 567 2109 cunctis
607 2067 832 2122 humiliari,
876 2070 932 2108 ita
970 2073 1016 2108 ut
1047 2069 1254 2120 timerem,
1292 2077 1343 2105 ne
1375 2065 1479 2105 mihi

183 2213 207 2246 4
232 2222 286 2247 an
309 2209 489 2257 princeps
517 2209 606 2255 qui?
636 2210 650 2255 11
684 2212 728 2245 10
754 2208 897 2245 satirae
930 2207 1132 2244 scribenda
1161 2206 1193 2243 0
1216 2207 1229 2252 [1
1263 2208 1307 2242 18
1334 2205 1477 2253 quippe

86 2259 191 2306 cum]
217 2258 311 2304 quia
333 2259 463 2294 tecum
489 2258 524 2294 L
552 2259 558 2304 Ι
587 2257 731 2294 crimen
757 2257 970 2304 impactum
995 2268 1063 2293 om.
1084 2267 1139 2302 sp.
1159 2255 1234 2291 81.
1254 2266 1287 2292 υ.
1308 2254 1362 2300 L,
1396 2266 1424 2291 s.
1453 2255 1477 2291 l.

85 2307 175 2344 add.
199 2307 248 2343 Τ2
266 2310 280 2354 n
297 2311 345 2344 26
370 2317 551 2342 mucrone
570 2317 667 2353 sequ.
688 2318 743 2353 sp.
765 2310 786 2342 1
809 2307 831 2343 l.
852 2318 884 2343 v.
906 2306 942 2341 L
960 2307 973 2351 u
992 2308 1038 2340 27
1066 2303 1145 2340 alia.
1170 2314 1294 2350 pauca
1319 2314 1384 2338 sur
1408 2315 1476 2340 om.

85 2366 140 2402 812.
161 2359 211 2393 10
236 2356 259 2392 l.
285 2367 318 2393 v.
346 2355 383 2392 L
401 2357 414 2402 fl
434 2358 479 2391 30
505 2354 572 2391 ille
598 2366 705 2391 meus
731 2354 815 2401 ipse
846 2354 899 2400 C}
922 2365 1009 2389 reus
1035 2353 1177 2397 LNT,
1203 2362 1310 2388 meus
1336 2351 1424 2389 MC
1445 2356 1480 2389 et

86 2414 117 2440 8.
143 2404 166 2440 1.
190 2404 282 2441 add.
310 2404 381 2450 T²;
406 2405 452 2450 cf.
480 2403 507 2451 5
532 2406 556 2440 4
580 2402 659 2439 iam
685 2414 791 2439 reum
816 2402 947 2439 inveni
972 2407 1006 2439 et
1030 2401 1058 2450 5
1080 2403 1129 2438 17
1153 2402 1263 2437 reatu
1282 2401 1295 2447 ΙΙ
