1592 2612
160 130 248 174 286
689 127 898 165 CARMEN
925 127 1003 164 vn.

281 231 382 271 lecta
414 230 563 285 domat3
595 231 763 271 iussisse
796 234 857 269 sat
889 233 951 269 est
982 233 1040 282 te,
1073 227 1180 280 quod
1212 231 1326 281 rogat
1357 227 1480 270 orbis.

185 301 254 332 310
282 291 457 344 credent
477 291 553 331 hoc
584 303 774 343 umquam
806 295 947 342 gentes
978 288 1198 342 populique
1231 286 1385 330 futuri?

281 352 412 391 littera
443 352 611 392 Romani
643 355 790 404 cassat,
823 349 948 403 quod,
979 348 1168 403 barbare,
1199 350 1340 391 vincis.

278 414 366 452 iura
391 413 514 464 igitur
539 413 858 464 rexit3-namque
884 410 961 450 hoc
988 421 1148 462 quoque
1173 421 1247 462 par
1272 409 1359 465 fuit,
1378 414 1424 450 ut
1448 414 1535 451 tum

279 477 454 512 assertor
485 472 600 512 fieret
630 471 783 525 legum,
816 471 886 523 qui
917 482 1025 510 nunc
1058 471 1135 510 erit
1166 474 1324 524 auctor,

279 545 328 572 ne
361 532 514 572 dandus
547 532 706 585 populis
739 532 948 584 princeps,
981 534 1120 584 caput,
1151 530 1433 585 induperator,

183 601 251 633 315
279 593 424 633 Caesar
456 598 496 633 et
526 593 727 645 Augustus
762 591 891 631 solum
923 591 1008 631 fera
1039 590 1192 643 proelia
1224 595 1374 632 nosset.

334 652 417 693 Iam
449 653 723 705 praefecturae
755 652 991 705 perfunctus
1024 651 1198 691 culmine
1230 651 1394 692 tandem

277 726 318 753 se
352 713 516 753 dederat
548 715 634 753 ruri
667 708 907 768 (numquam
937 717 1073 752 tamen
1106 713 1204 766 otia,
1235 724 1455 765 numquam

279 773 432 813 desidia
464 773 655 813 imbellis:
690 773 947 826 studiumque
981 777 1021 812 et
1053 785 1148 812 cura
1182 773 1318 825 quieto

281 846 482 874 armorum
515 829 714 889 semper):
749 833 881 874 subito
915 846 1007 874 cum
1038 837 1156 886 rupta
1189 832 1364 873 tumultu

181 903 251 935 320
275 894 480 935 barbaries
513 899 615 934 totas
647 895 690 934 in
722 899 762 934 te
793 893 1066 934 transfuderat
1096 892 1260 947 Arctos,
1287 916 1291 922 ·

277 954 412 995 Gallia.
476 967 699 1007 pugnacem
729 954 888 1007 Rugum
920 955 1136 994 comitante
1169 952 1320 994 Gelono

284 1014 435 1068 Gepida
467 1020 559 1055 trux
593 1016 793 1069 sequitur3
827 1015 985 1055 Scirum
1018 1014 1251 1066 Burgundio
1285 1015 1409 1069 cogit3

274 1075 455 1129 Chunus,
487 1075 738 1130 Bellonotus,
770 1075 950 1130 Neurus,
982 1074 1193 1128 Bastarna,
1226 1074 1445 1130 Toringus,

273 1135 510 1190 Bructerus,
541 1135 678 1176 ulvosa
711 1136 773 1176 vel
806 1148 926 1189 quem
959 1134 1080 1175 Nicer
1112 1134 1225 1175 alluit
1256 1135 1364 1175 unda

179 1204 247 1236 325
274 1197 500 1248 prorumpit
530 1195 729 1251 Francus3
763 1196 910 1242 cecidit
941 1197 1020 1236 cito
1054 1199 1163 1235 secta
1193 1194 1361 1247 bipenni

272 1256 471 1309 Hercynia
503 1258 545 1296 in
577 1256 718 1296 lintres
751 1262 791 1297 et
821 1256 1008 1296 Rhenum
1040 1257 1170 1296 texuit
1202 1254 1312 1310 aln03

275 1321 314 1356 et
345 1318 426 1356 iam
457 1317 645 1357 terrificis
679 1317 894 1358 diffuderat
924 1315 1045 1356 Attila
1076 1317 1221 1356 turmis

271 1378 313 1416 in
346 1389 506 1429 campos
540 1390 600 1431 se,
631 1377 771 1432 Belga,
803 1383 906 1418 tuos.
969 1378 1035 1416 vix
1067 1376 1241 1429 liquerat
1272 1374 1393 1429 Alpes

275 1437 429 1491 Aetius,
461 1442 581 1477 tenue
614 1442 654 1477 et
686 1451 822 1478 rarum
855 1439 941 1478 sine
974 1436 1102 1477 milite
1135 1437 1287 1477 ducens

179 1505 248 1537 330
275 1497 398 1537 robur
430 1499 472 1537 in
504 1497 680 1552 auxiliis,
713 1498 896 1539 Geticum
928 1497 1031 1538 male
1065 1496 1254 1538 credulus
1287 1508 1429 1548 agmen

275 1559 476 1597 incassum
507 1560 683 1611 propriis
715 1571 979 1611 praesumens
1011 1557 1147 1598 adfore
1181 1558 1336 1597 castris.

273 1620 439 1658 nuntius
472 1623 511 1658 at
541 1623 754 1671 postquam
787 1619 996 1659 ductorem
1026 1617 1213 1672 perculit,
1244 1617 1383 1658 Hunos

273 1680 352 1718 iam
383 1690 506 1731 prope
540 1683 813 1732 contemptum
845 1681 1021 1733 propriis
1053 1680 1095 1718 in
1128 1677 1291 1719 sedibus
1322 1677 1479 1718 hostem

276 1744 484 1790 expectare
519 1738 649 1793 Getas,
682 1745 814 1780 versat
845 1752 968 1792 vagus
1001 1740 1134 1779 omnia
1167 1750 1305 1779 secum

181 1806 249 1838 335
278 1798 443 1838 consilia
476 1803 516 1838 et
546 1804 723 1840 mentem
756 1813 945 1840 curarum
978 1799 1168 1840 fluctibus
1198 1802 1327 1851 urget.

277 1859 437 1898 tandem
470 1861 628 1899 nutanti
661 1860 765 1900 sedit
797 1861 996 1901 sententia
1028 1859 1181 1900 celsum

274 1931 440 1958 exorare
472 1921 615 1974 virum,
648 1920 905 1974 collectisque
939 1920 1127 1961 omnibus
1157 1931 1237 1960 una

272 1978 522 2031 principibus
555 1992 689 2020 coram
722 1980 890 2033 supplex
923 1983 981 2021 sic
1012 1980 1159 2020 talibus
1192 1979 1298 2020 infit:

273 2036 410 2092 “orbis,
442 2039 567 2094 Avite,
600 2040 718 2095 salus,
751 2043 816 2081 cui
848 2054 930 2081 non
961 2053 1062 2081 nova
1095 2040 1221 2094 gloria
1251 2051 1359 2080 nunc
1391 2043 1466 2093 est,

246 2216 315 2248 313
343 2215 508 2250 assertor
531 2216 640 2252 fieret
666 2217 717 2263 Τ]
745 2217 854 2252 fieret
879 2219 1046 2253 assertor
1071 2217 1123 2253 M
1129 2216 1204 2254 OF
1228 2217 1240 2263 ΙΙ
1268 2218 1341 2252 314
1365 2214 1525 2261 indupe-

148 2261 252 2296 rator
270 2261 400 2308 Μῶμος
424 2262 706 2309 imperatorque
721 2266 772 2300 M
778 2265 854 2311 GT,
881 2264 1159 2311 imperiumque
1173 2265 1215 2301 F
1231 2269 1243 2310 ss
1263 2268 1331 2300 322
1359 2262 1524 2346 Scirum]

148 2308 304 2355 Scyrum
330 2309 527 2356 Sirmond„
553 2323 723 2348 scoerum
751 2313 828 2358 GT,
855 2324 1026 2349 socerum
1046 2313 1096 2360 F,
1123 2324 1248 2349 serum
1267 2312 1319 2348 M
1333 2313 1346 2359 Ι]
1365 2315 1437 2348 324
1460 2322 1507 2347 ve

148 2368 261 2403 quem
293 2358 558 2405 Wilamowit23
583 2372 695 2405 quem
721 2362 782 2396 vel
807 2362 910 2398 codd.
940 2363 952 2407 ΙΙ
981 2366 1050 2398 332
1077 2363 1199 2398 honos
1226 2362 1272 2396 M
1299 2362 1311 2407 ss
1339 2363 1408 2396 333
1437 2370 1525 2395 con-

147 2406 275 2442 tentos
302 2407 342 2453 (i.
363 2418 390 2443 e.
413 2409 665 2454 contemptos)
691 2409 742 2445 M
754 2411 767 2456 ss
787 2413 856 2446 336
882 2409 1037 2445 nutanti
1063 2410 1131 2458 M]
1160 2407 1357 2446 cunctanti
1384 2407 1522 2454 GTFM
