1592 2612
139 97 227 141 312
669 96 875 135 CARMEN
901 95 998 133 xm.

303 212 394 240 cum
427 199 607 253 duplices
639 203 801 252 pareret
831 198 996 239 vulnere
1029 210 1139 244 mors
1171 200 1337 255 animas,

213 262 492 313 captivumque
525 260 659 300 ferens
693 259 789 299 silva
822 271 871 299 ex
903 258 1190 311 Erymanthide
1222 265 1451 302 monstrum

304 325 505 361 exarmata
537 320 613 360 feri
644 321 782 360 riserit
814 332 883 359 ora
916 320 1013 373 suis,

212 380 390 434 collaque
423 381 698 433 flammigenae
732 380 988 432 disrumpens
1021 379 1172 420 fumida
1203 380 1306 422 furis

143 450 185 482 10
302 441 463 481 tandem
495 441 667 481 directas
699 442 865 481 iusserit
896 441 955 480 ire
988 439 1124 495 boves,
1280 496 1282 499 ι

229 506 380 555 taurus,
413 514 541 555 cerva,
574 500 706 556 Gigas,
737 501 897 555 hospes,
930 500 1113 555 luctator,
1144 500 1330 557 Amazon,

303 561 412 615 Cres,
445 563 567 615 canis,
599 561 843 614 Hesperides
877 562 959 601 sint
990 563 1236 602 monimenta
1268 564 1357 618 viri,

210 621 318 662 nulla
349 627 482 662 tamen
514 622 603 662 fuso
636 623 747 675 prior
779 626 841 662 est
873 621 1055 675 Geryone
1087 635 1233 678 pugna,

301 684 371 723 uni
402 684 671 734 tergeminum
704 684 769 723 cui
800 682 894 723 tulit
925 681 991 722 ille
1024 687 1155 736 caput.

142 751 183 782 15
211 742 309 783 haec
342 743 540 795 quondam
575 743 752 797 Alcides;
785 748 824 783 at
856 747 900 783 tu
933 743 1169 796 Tirynthius
1201 743 1314 799 alter,

302 803 371 843 sed
403 805 604 858 princeps,
636 805 771 856 magni
802 805 975 844 maxima
1008 816 1103 844 cura
1136 804 1213 859 dei,

210 876 328 916 quem
361 863 492 914 draco,
525 877 680 919 cervus,
713 877 809 917 aper
841 863 1006 917 paribus
1040 877 1204 906 sensere
1238 866 1407 920 sagittis,

303 936 394 964 cum
427 924 538 978 dens⁷
571 937 662 965 cum
693 926 817 979 virus,
850 937 943 965 cum
976 925 1068 978 suga
1099 925 1157 965 nil
1188 926 1323 980 valuit,

210 983 420 1036 Geryonen
452 997 525 1024 nos
559 997 647 1024 esse
680 990 775 1038 puta
808 990 1115 1039 monstrumque
1147 986 1365 1042 tributum3

141 1052 185 1084 20
216 1091 219 1094 ⁴
300 1044 394 1085 hinc
427 1046 568 1100 capita,
600 1050 645 1085 ut
676 1047 816 1100 vivam,
848 1050 893 1086 tu
924 1046 1024 1086 mihi
1056 1046 1151 1087 tolle
1185 1049 1272 1088 tria.

411 1165 491 1205 Has
526 1166 691 1219 supplex
725 1166 897 1207 famulus
930 1179 1072 1219 preces
1105 1167 1253 1208 dicavit

351 1238 591 1278 responsum
623 1228 837 1280 opperiens
869 1228 982 1280 pium
1015 1240 1059 1267 ac
1093 1227 1264 1269 salubre.

351 1291 396 1326 ut
428 1286 571 1326 reddas
602 1289 772 1340 patriam
807 1287 1006 1341 simulque
1039 1289 1163 1328 vitam

351 1345 589 1398 Lugdunum
623 1360 846 1388 exonerans
880 1349 964 1389 suis
997 1350 1142 1404 ruinis,

279 1413 324 1446 25
350 1406 425 1446 hoc
457 1411 496 1447 te
531 1407 720 1448 Sidonius
752 1413 846 1449 tuus
877 1413 1085 1462 precatur:

352 1468 409 1507 sic
441 1471 480 1507 te
514 1467 676 1507 Sidonio
710 1474 869 1509 recocta
901 1469 992 1509 fuco

350 1527 497 1567 multos
528 1541 707 1581 purpura
739 1531 884 1570 vestiat
915 1543 989 1582 per
1021 1542 1166 1585 annos3

352 1589 410 1627 sic
443 1587 569 1628 lustro
603 1590 765 1641 imperii
795 1592 986 1643 perennis
1020 1595 1107 1631 acto

354 1649 666 1700 quinquennalia
699 1649 875 1690 fascibus
908 1651 1113 1706 dicentur3

280 1716 326 1748 30
353 1709 410 1747 Sic
443 1709 553 1760 ripae
587 1709 758 1762 duplicis
790 1715 947 1751 tumore
982 1711 1106 1751 fracto

351 1767 542 1808 detonsus
574 1769 775 1809 Vachalim
807 1771 918 1811 hibat
951 1771 1180 1825 Sygamber.

353 1828 458 1879 quod
492 1830 526 1868 si
558 1829 777 1870 contuleris
810 1836 878 1871 tuo
911 1837 1065 1886 poetae,

351 1888 536 1928 mandem
568 1892 775 1942 perpetuis
808 1890 975 1944 legenda
1007 1893 1134 1946 fastis,

352 1960 626 2001 quaecumque
659 1952 832 2003 egregiis
865 1954 972 2004 geris
1005 1952 1235 2005 triumphis.

279 2015 326 2048 35
350 2020 443 2047 nam
475 2021 582 2048 nunc
614 2009 726 2050 Musa
758 2010 902 2063 loquax
934 2017 1040 2053 tacet
1070 2012 1234 2066 tributo,

353 2080 452 2120 quae
485 2081 558 2120 pro
591 2069 756 2122 Virgilio
789 2071 1059 2126 Terentioque

234 2185 278 2218 11
305 2182 442 2230 gigans
468 2184 506 2219 P
534 2185 545 2231 ΙΙ
580 2189 622 2220 12
651 2196 737 2221 crea,
768 2187 813 2232 P,
847 2198 907 2223 cre
935 2188 984 2235 F,
1017 2200 1109 2236 grex
1136 2189 1185 2234 T?
1217 2188 1369 2224 Thraex
1392 2188 1515 2236 {Luct-

124 2231 274 2277 johann
293 2233 304 2277 ΙΙ
325 2235 368 2267 19
396 2231 595 2278 Geryonen
620 2233 862 2278 Laetjoharm
894 2235 1100 2282 (Geryones
1131 2237 1341 2284 Oasellius);
1373 2236 1516 2283 hystri-

133 2290 224 2315 ones
254 2279 340 2325 GP,
372 2279 578 2317 histriones
606 2282 690 2318 ΤΕ
718 2284 722 2326 Ι
755 2285 1002 2330 nostrumque
1035 2285 1223 2322 tributum
1255 2286 1515 2331 Wilamowitz,

131 2330 418 2373 monstrumque
452 2328 624 2366 triforme
651 2330 893 2377 Luetjohann
924 2334 966 2368 in
998 2334 1124 2371 adnot.
1163 2335 1176 2381 ΙΙ
1213 2337 1259 2370 20
1285 2332 1375 2370 hinc
1400 2334 1514 2371 Luct-

127 2375 292 2423 johanm
315 2375 378 2412 hic
404 2377 506 2413 codd.
528 2379 539 2423 ΙΙ
