1592 2612
376 112 608 152 SIDONIUS
634 110 821 149 EUODIO
849 110 943 148 SUO
971 109 1214 147 SALUTEM.
1435 106 1491 151 81

102 225 301 273 tempore,
326 229 420 259 cum
438 215 653 270 postulatis
673 214 959 267 obtemperavi.
1007 212 1130 266 ilicet,
1154 216 1202 252 ut
1221 211 1270 252 ad
1297 210 1496 264 epistulae

103 284 264 321 vestrae
289 283 476 319 tenorem
502 277 584 316 iam
610 279 875 328 revertamur,
907 278 1000 328 post
1025 272 1160 327 verba,
1187 284 1290 326 quae
1316 273 1496 325 primum

104 340 212 382 salve
238 338 436 393 ferebant,
466 337 543 377 hoc
568 337 805 390 poposcisti,
830 340 876 376 ut
902 336 1150 388 epigramma
1174 334 1497 374 transmitterem

106 400 323 442 duodecim
347 397 534 440 versibus
560 398 836 450 terminatum,
863 396 970 449 quod
997 399 1137 448 posset
1162 395 1292 447 aptari
1318 392 1495 434 conchae

106 462 262 516 capaci,
306 472 409 514 quae
452 472 528 512 per
572 470 763 499 ansarum
807 456 912 497 latus
957 461 1177 509 utrumque
1219 456 1262 495 in
1300 455 1497 494 extimum
1534 469 1553 497 5

107 524 197 577 gyri
228 535 251 562 a
281 525 371 562 rota
402 520 518 561 fundi
545 521 655 560 senis
682 523 846 559 cavatur
872 518 1089 558 striaturis,
1132 513 1172 557 5.
1201 527 1373 569 quarum
1398 521 1496 569 puto

106 583 289 624 destinas
325 581 390 622 vel
426 580 638 621 ventribus
675 579 819 633 pandis
859 577 1041 631 singulos
1079 589 1222 618 versus
1259 575 1324 617 vel
1361 578 1497 616 curvis
1528 609 1531 612 .

108 643 280 685 meliore
313 641 496 695 consilio,
529 642 566 681 si
596 640 638 680 id
670 642 799 693 magis
832 640 985 693 deceat,
1018 637 1219 692 capitibus
1252 636 1499 692 inscribere3

107 707 269 758 istoque
289 703 401 744 cultu
420 701 638 756 expolitam
658 702 821 754 reginae
840 699 1112 753 Ragnahildae
1134 698 1317 752 disponis
1337 697 1499 753 offerre,

108 767 213 806 votis
251 765 446 805 nimirum
484 765 566 804 tuis
603 764 757 815 pariter
789 766 910 815 atque
942 760 1101 801 actibus
1132 760 1405 813 patrocinium
1436 760 1498 799 in-
1519 774 1555 801 ιο

109 828 263 866 victum
293 829 619 878 praeparaturus.
675 822 848 863 famulor
879 822 1073 862 iniunctis
1106 820 1500 874 quomodocumque,

109 899 192 928 non
234 891 281 927 ut
323 885 525 939 volebam3
571 884 642 924 sed
686 888 778 924 tuae
818 882 959 936 culpae
1005 883 1161 935 primus
1200 883 1384 934 ignosce,
1429 882 1500 933 qui

111 948 236 1001 spatii
262 945 354 1000 plus
379 946 621 999 praestitisti
647 945 876 997 argentario
904 955 1025 996 quam
1050 947 1206 996 poetae,
1238 954 1330 982 cum
1357 941 1500 995 procul

111 1007 234 1049 dubio
267 1019 350 1048 non
381 1012 422 1047 te
453 1006 598 1046 lateret
631 1007 739 1045 intra
771 1005 975 1045 officinam
1008 1003 1279 1043 litteratorum
1306 1003 1500 1042 carminis

111 1070 149 1110 si
193 1068 291 1122 quid
334 1069 452 1108 incus
496 1067 666 1107 metrica
710 1065 967 1119 produxerit,
1011 1076 1093 1104 non
1137 1065 1272 1104 minus
1317 1063 1414 1103 forti
1459 1069 1500 1103 et
1519 1078 1556 1105 15

110 1134 272 1183 asprata
309 1127 406 1169 lima
442 1127 575 1181 poliri.
634 1126 706 1167 sed
744 1128 822 1167 ista
854 1125 917 1166 vel
950 1124 1097 1165 similia
1130 1121 1355 1178 quorsum?
1406 1136 1500 1164 ecce

110 1192 192 1231 iam
223 1195 360 1230 canta:

191 1286 412 1339 Pistrigero
445 1297 548 1339 quae
581 1284 734 1325 concha
764 1283 875 1324 vehit
906 1283 1072 1323 Tritone
1106 1281 1308 1335 Cytheren

282 1347 358 1387 hac
390 1346 470 1387 sibi
502 1346 659 1386 conlata
690 1345 836 1386 cedere
868 1356 951 1384 non
984 1342 1152 1384 dubitet.

192 1409 412 1462 poscimus,
442 1406 593 1447 inclina
624 1405 830 1459 paulisper
862 1404 1023 1445 culmen
1055 1403 1154 1444 erile

285 1473 326 1508 et
356 1480 505 1508 munus
536 1479 705 1520 parvum
737 1478 880 1518 magna
911 1471 1081 1518 patrona
1113 1476 1210 1517 cape

140 1538 162 1569 5
194 1528 475 1581 Euodiumque
508 1527 640 1568 libens
672 1539 755 1567 non
786 1538 1004 1579 aspernare
1037 1524 1239 1578 clientem,

286 1601 408 1642 quem
439 1588 592 1628 faciens
625 1587 818 1640 grandem
850 1591 895 1626 tu
922 1598 1082 1639 quoque
1115 1586 1244 1624 maior
1277 1585 1369 1624 eris.

196 1651 254 1690 sic
286 1649 378 1703 tibi,
411 1650 478 1689 cui
510 1661 582 1688 rex
614 1653 677 1688 est
709 1648 887 1700 genitor,
921 1658 1037 1686 socer
1069 1651 1188 1698 atque
1221 1646 1404 1698 maritus,

287 1715 431 1763 gnatus
463 1721 536 1749 rex
569 1721 729 1762 quoque
763 1709 816 1748 sit
849 1719 942 1747 cum
979 1711 1093 1759 patre
1127 1711 1300 1758 postque
1332 1710 1502 1758 patrem.

196 1770 335 1811 felices
367 1769 570 1824 lymphae,
603 1768 761 1809 clausae
795 1780 897 1821 quae
930 1767 1019 1808 luce
1052 1765 1204 1807 metalli

121 1840 165 1872 10
291 1844 361 1872 ora
392 1836 528 1871 tamen
560 1830 747 1870 dominae
779 1828 976 1869 lucidiora
1008 1825 1167 1867 fovent!

197 1904 291 1933 nam
322 1904 415 1932 cum
447 1891 637 1944 dignatur
669 1891 808 1943 regina
840 1890 935 1929 hinc
967 1890 1153 1941 tinguere
1184 1886 1331 1940 vultus,

291 1952 441 1993 candor
474 1954 517 1992 in
549 1956 761 2004 argentum
794 1951 970 1990 mittitur
1003 1962 1023 1989 e
1052 1949 1164 1988 facie.

118 2063 155 2102 si
198 2067 355 2102 tantum
393 2073 528 2100 amore
567 2065 706 2100 nostro
746 2060 919 2113 teneris,
963 2064 1008 2098 ut
1047 2056 1226 2098 scrihere
1266 2056 1337 2095 has
1376 2068 1505 2108 nugas

119 2134 203 2162 non
234 2121 463 2175 erubescas,
503 2120 642 2161 occule
675 2126 893 2174 auctorem,
927 2119 975 2159 de
1008 2124 1076 2158 tua
1109 2118 1262 2157 rectius
1294 2122 1407 2169 parte
1442 2129 1504 2157 se-

219 2266 239 2298 1
267 2275 353 2299 cum
380 2262 475 2307 Leo,
507 2272 581 2307 quo
607 2262 712 2298 codd.
744 2263 756 2308 11
788 2264 810 2296 4
835 2259 960 2307 possit
986 2259 1080 2294 LM
1106 2260 1118 2300 ΙΙ
1150 2261 1171 2292 5
1199 2256 1383 2293 extimum
1410 2257 1446 2293 L
1472 2261 1507 2294 et

121 2314 233 2357 (corr.
266 2312 310 2347 in
341 2313 553 2347 extremum
579 2309 652 2356 Νι)
662 2310 719 2355 Ν,
751 2310 963 2345 extremum
997 2307 1048 2343 M
1054 2306 1124 2343 CT
1164 2308 1177 2352 11
1222 2310 1243 2342 6
1269 2305 1505 2342 histriaturis

121 2360 226 2396 codd.
246 2361 259 2404 11
280 2364 325 2395 16
346 2358 524 2406 aspratili
545 2359 579 2394 T
594 2360 607 2405 11
628 2362 672 2393 17
693 2370 745 2394 an
764 2359 901 2393 canto?
927 2356 1169 2402 Luetjohawn
1187 2356 1200 2397 11
1217 2366 1252 2391 v.
1274 2358 1295 2390 6
1319 2353 1507 2401 grandem

122 2408 358 2454 LNVMT,
382 2418 565 2454 magnum
595 2406 652 2453 011
671 2419 704 2443 v.
728 2410 770 2441 11
797 2405 886 2441 hinc
914 2406 957 2450 T,
984 2404 1047 2440 hic
1073 2403 1203 2440 LMC
1218 2405 1230 2449 ss

196 2474 425 2502 Aronnnums
446 2475 492 2501 ed.
512 2475 546 2500 M
553 2482 571 2501 o
579 2474 598 2501 h
607 2482 631 2500 r.
1266 2468 1287 2499 6
