1592 2612
120 119 178 162 64
605 111 753 148 121ssssss
778 109 998 147 TERTmS.

758 257 856 301 ΧΠ.

371 344 597 382 SIDONIUS
625 340 851 379 SECUNDO
880 339 972 376 SUo
1001 337 1244 375 SALUTEM.

215 423 251 465 1.
284 425 356 464 Avi
387 424 478 476 mei,
510 422 649 475 proavi
680 421 740 460 tui
771 418 969 460 tumulum
1001 417 1193 457 hesterno
1227 411 1321 471 (pro
1348 408 1502 469 dolori)

122 487 186 527 die
218 497 344 538 paene
377 495 519 523 manus
551 482 718 535 profana
743 483 1028 532 temeraverat5
1062 477 1132 518 sed
1166 477 1266 517 deus
1293 475 1420 529 affuit,
1451 486 1502 514 ne

121 547 233 587 nefas
272 550 427 585 tantum
466 545 781 596 perpetraretur.
846 551 1011 592 campus
1050 542 1185 578 autem
1223 538 1310 590 ipse
1351 535 1505 576 dudum

87 619 103 645 5
124 608 297 648 refertus
329 611 410 645 tam
442 602 698 644 bustualibus
730 600 874 641 favillis
909 612 1029 653 quam
1063 596 1327 639 cadaveribus
1353 595 1506 637 nullam

123 670 202 708 iam
244 666 314 706 diu
353 664 538 705 scrobem
575 662 814 716 recipiebat3
861 661 930 701 sed
973 666 1108 700 tamen
1145 658 1285 713 tellus,
1329 657 1505 698 humatis

125 739 225 781 quae
266 725 569 779 superducitur,
614 723 790 763 redierat
828 723 871 762 in
912 722 1125 774 pristinam
1165 719 1341 760 distenta
1378 716 1507 771 plani—

125 790 222 828 tiem
248 786 426 840 pondere
453 784 575 825 nivali
603 796 675 824 seu
702 783 893 823 diuturno
920 781 1113 822 imbrium
1140 780 1262 821 ssuxu‘
1279 777 1507 820 sidentibus

125 849 296 889 acervis:
331 859 431 900 quae
465 846 541 886 fuit
574 857 706 899 causa,
738 849 782 884 ut
813 843 947 883 locum
980 842 1176 882 auderent
1207 846 1413 893 tamquam
1438 851 1504 879 va-

73 920 106 946 10
127 913 284 949 cantem
311 919 527 960 corporum
552 905 677 946 baiuli
703 906 846 944 rastris
870 902 1109 944 funebribus
1129 903 1310 955 impiare.
1350 899 1390 940 2.
1412 898 1510 953 quid

126 967 270 1022 plura‘?
327 969 408 1007 iam
439 968 554 1019 niger
587 977 752 1018 caespes
785 978 834 1004 ex
866 964 998 1017 viridi,
1031 965 1111 1003 iam
1145 975 1266 1015 supra
1298 962 1510 1014 antiquum

129 1028 386 1082 sepulchrum
420 1027 582 1080 glaebae
609 1030 808 1079 recentes,
841 1037 932 1064 cum
959 1025 1062 1064 forte
1089 1035 1263 1076 pergens
1288 1021 1434 1062 urbem
1460 1020 1510 1061 ad

128 1090 347 1129 Arvernam
378 1087 586 1140 publicum
618 1085 750 1126 scelus
783 1098 804 1125 e
838 1083 1054 1138 supercilio
1081 1084 1204 1123 vicini
1231 1082 1345 1123 collis
1372 1083 1512 1135 aspexi

129 1162 274 1202 meque
320 1160 422 1200 equo
468 1148 594 1187 effuso
634 1152 715 1186 tam
754 1158 826 1198 per
864 1150 1032 1197 aequata
1072 1156 1192 1197 quam
1229 1156 1303 1196 per
1342 1142 1512 1195 abrupta

77 1219 111 1247 15
131 1210 359 1263 proripiens
399 1213 439 1248 et
476 1220 611 1247 morae
652 1208 818 1259 exiguae
859 1208 917 1245 sic
950 1217 1109 1258 quoque
1142 1205 1363 1257 inpatiens,
1401 1208 1513 1243 ante-

131 1282 251 1322 quam
294 1270 567 1322 pervenirem,
612 1268 768 1307 sacinus
814 1266 942 1306 audax
983 1266 1146 1319 praevio
1188 1264 1362 1304 clamore
1405 1275 1513 1303 com-

131 1331 283 1383 pescui.
347 1329 442 1369 dum
475 1328 660 1368 dubitant
691 1329 733 1367 in
766 1328 934 1367 crimine
968 1327 1120 1379 reperti
1153 1324 1429 1365 dilaberentur
1461 1336 1513 1364 an

133 1395 286 1431 starent
312 1395 352 1429 et
378 1390 591 1442 superveni
612 1385 826 1444 (confiteor
846 1382 1060 1442 errorem),
1087 1385 1284 1439 supplicia
1304 1390 1515 1438 captorum

133 1451 297 1490 differre
323 1462 404 1490 non
430 1451 555 1503 potui,
582 1449 652 1488 sed
680 1461 800 1501 supra
827 1449 934 1488 senis
959 1449 1089 1487 nostri
1108 1449 1242 1500 ipsum
1262 1447 1514 1499 opertorium

79 1523 115 1549 20
134 1512 235 1551 torsi
266 1510 454 1564 latrones,
487 1514 681 1562 quantum
711 1509 897 1549 sufficere
923 1513 1061 1561 posset
1087 1508 1352 1560 superstitum
1379 1518 1514 1560 curae,

134 1576 385 1611 mortuorum
426 1571 641 1610 securitati.
707 1568 745 1609 3.
779 1574 961 1609 ceterum
999 1573 1138 1608 nostro
1172 1567 1279 1621 quod
1312 1567 1515 1607 sacerdoti

134 1631 192 1671 nil
224 1632 425 1671 reservavi
456 1643 568 1670 meae
601 1643 742 1670 causae
777 1642 953 1682 suaeque
986 1641 1183 1682 personae
1216 1629 1440 1681 praescius,
1471 1628 1516 1667 in

136 1704 347 1732 commune
388 1690 589 1744 consului,
634 1703 683 1730 ne
723 1689 785 1729 vel
822 1690 920 1730 haec
958 1691 1064 1730 iusto
1108 1689 1346 1730 clementius
1384 1688 1516 1728 vindi-

136 1757 297 1793 caretur
328 1751 390 1791 vel
422 1751 489 1790 illa
522 1752 627 1791 iusto
659 1752 838 1790 severius
870 1750 1103 1790 vindicaret.
1157 1751 1223 1790 cui
1255 1761 1348 1789 cum
1379 1753 1516 1788 tamen

83 1824 118 1850 25
137 1818 266 1853 totum
303 1811 487 1866 ordinem
525 1812 585 1851 rei
622 1816 667 1851 ut
705 1811 954 1850 satisfaciens
987 1824 1035 1850 ex
1068 1812 1215 1850 itinere
1247 1808 1515 1862 mandassem,

137 1874 199 1912 vir
231 1877 392 1913 sanctus
426 1877 465 1911 et
497 1873 627 1911 iustus
660 1871 891 1911 iracundiae
924 1884 1036 1912 meae
1070 1871 1180 1911 dedit
1212 1870 1392 1924 gloriam,
1424 1881 1519 1910 cum

138 1933 195 1973 nil
227 1932 398 1986 amplius
431 1944 504 1984 ego
536 1933 651 1971 venia
688 1931 952 1986 postularem,
991 1933 1257 1984 pronuntians
1290 1942 1402 1971 more
1435 1936 1519 1970 ma-

138 1996 271 2034 iorum
309 2005 400 2033 reos
439 1997 571 2032 tantae
604 1993 843 2032 temeritatis
876 1994 964 2032 iure
998 2004 1137 2032 caesos
1170 1991 1310 2032 videri.
1372 1988 1413 2031 4.
1447 1990 1519 2031 sed

139 2067 189 2094 ne
224 2053 320 2107 quid
352 2055 395 2093 in
427 2057 634 2105 posterum
667 2052 827 2092 casibus
860 2052 996 2106 liceat,
1029 2065 1130 2106 quos
1162 2052 1211 2092 ab
1245 2051 1428 2105 exemplo
1460 2052 1520 2091 vi-

85 2126 121 2152 30
139 2120 225 2154 tare
258 2114 472 2167 dehemus,
504 2125 645 2166 posce,
676 2118 721 2152 ut
753 2117 931 2153 actutum
961 2126 1024 2152 me
1059 2125 1218 2165 quoque
1252 2112 1418 2152 absente
1450 2115 1521 2151 tua

141 2187 236 2215 cura
270 2174 339 2214 sed
371 2186 460 2213 meo
489 2178 650 2225 sumptu
678 2178 862 2225 resurgat
887 2175 930 2212 in
955 2173 1102 2213 molem
1130 2186 1268 2226 sparsa
1295 2173 1521 2226 congerieS,

142 2247 261 2288 quam
293 2234 462 2287 levigata
493 2235 638 2286 pagina
670 2238 789 2285 tegat.
840 2246 913 2286 ego
946 2233 1166 2274 venerabili
1199 2233 1424 2274 Gaudentio
1457 2244 1521 2272 re-

239 2354 258 2385 1
286 2351 396 2386 inser.
423 2361 490 2387 om.
512 2349 548 2385 L
579 2351 591 2393 ΙΙ
624 2353 645 2385 6
673 2348 740 2384 sed
765 2348 843 2384 iam
871 2349 1116 2396 Luetjohann
1132 2351 1145 2396 ΙΙ
1166 2353 1210 2386 18
1237 2351 1276 2385 et
1301 2347 1467 2386 LNVG
1487 2352 1523 2385 et

142 2400 184 2436 in
207 2410 280 2436 ras.
303 2398 354 2434 M
359 2399 380 2443 ¹,
406 2409 471 2435 om.
496 2397 529 2433 T
546 2398 559 2443 u
578 2400 624 2433 20
652 2396 776 2443 possit
802 2398 850 2443 L,
876 2410 968 2435 corr.
995 2400 1038 2434 in
1063 2399 1194 2444 posset
1228 2398 1277 2433 V¹
1297 2400 1310 2444 ss
