1592 2612
382 105 614 144 SIDONIUS
639 105 898 143 MAURUSIO
926 106 1018 143 SUO
1046 106 1290 144 SALUTEM.
1468 107 1524 151 51

135 209 351 262 purpurati
387 210 468 249 iam
507 210 668 262 iamque
707 210 909 263 ruiturus;
948 221 1041 249 nam
1079 208 1146 249 filo
1187 210 1358 262 equinae
1392 215 1526 250 saetae

134 268 283 322 ligatus
315 274 357 309 et
394 271 451 310 ita
483 269 662 323 pondere
701 271 837 310 minax
870 275 915 310 ut
947 271 1132 310 acumine
1166 269 1300 322 gulam
1331 270 1524 311 formido-

134 329 213 370 losi
244 329 434 371 Tantaleo
473 330 656 371 frenabat
694 330 898 385 exemplo,
936 343 986 371 ne
1027 330 1109 371 cibi
1140 332 1317 383 ingressi
1347 343 1423 384 per
1455 343 1525 371 ora

134 403 210 444 per
240 390 407 431 vulnera
439 393 607 432 exirent.
666 389 704 432 8.
738 392 846 432 unde
879 396 972 445 post
1004 392 1150 432 mixtas
1183 390 1347 432 fletibus
1379 404 1524 445 preces

135 456 255 504 atque
287 451 525 492 multimoda
565 453 740 505 suspiria
772 454 839 492 vix
871 452 1079 493 absolutus
1113 453 1398 506 emicatimque
1430 466 1523 506 pro-
1562 466 1580 494 5

135 512 275 552 siliens
320 511 389 553 illa
426 513 576 566 refugit
615 512 821 554 celeritate
861 513 1022 553 divitias
1068 512 1315 567 deliciasque
1355 513 1524 568 regales,

136 585 214 626 qua
241 572 372 613 solent
398 575 545 628 appeti,
572 574 764 615 reductus
793 574 841 614 ad
866 574 1068 614 desideria
1089 574 1357 615 mediocrium
1377 576 1523 614 timore

135 646 388 674 summorum
428 639 468 675 et
506 636 604 675 satis
643 647 807 689 cavens,
845 647 895 675 ne
928 635 1091 675 beatum
1123 634 1230 675 ultra
1263 635 1419 676 diceret
1451 635 1523 676 du-

135 699 342 749 ceretque,
389 697 458 748 qui
504 700 666 749 saeptus
711 697 834 736 armis
880 708 925 736 ac
965 695 1207 736 satellitibus
1253 701 1294 736 et
1331 708 1405 749 per
1447 696 1524 736 hoc

134 757 262 809 raptis
313 755 511 796 incubans
556 755 701 809 opibus
747 757 855 796 ferro
900 769 1069 810 pressus
1113 761 1320 810 premeret
1366 769 1521 797 aurum.
1544 771 1580 798 10

135 821 384 870 quapropter
417 817 466 857 ad
493 822 642 857 statum
667 817 914 872 huiusmodi,
947 817 1109 858 domine
1137 817 1274 872 frater,
1307 819 1445 858 nescio
1473 830 1524 858 an

134 881 293 918 constet
318 877 486 926 tendere
513 877 665 932 beatos,
691 883 803 931 patet
822 884 932 919 certe
953 880 1126 918 miseros
1154 880 1380 931 pervenire.
1422 877 1523 919 vale.

768 1068 888 1112 XIV.

372 1163 599 1200 SIDONIUS
626 1162 884 1201 MAURUSIO
912 1163 1004 1200 SUO
1033 1163 1277 1201 SALUTEM.

226 1251 262 1294 1.
290 1254 420 1294 Audio
447 1253 673 1294 industriae
699 1258 792 1294 tuae
813 1255 998 1307 votisque
1020 1254 1304 1295 communibus
1331 1254 1520 1296 uberiore

130 1320 342 1369 proventu,
375 1327 496 1367 quam
527 1314 758 1354 minabatur
791 1314 942 1355 sterilis
975 1327 1117 1369 annus,
1151 1315 1400 1369 respondere
1433 1318 1518 1356 vin·
1540 1329 1575 1357 15

132 1375 317 1415 demiam.
369 1375 476 1416 unde
511 1379 551 1415 et
582 1376 624 1415 in
650 1387 752 1428 pago
779 1374 1040 1430 vialoscensi,
1074 1377 1143 1429 qui
1169 1375 1363 1416 Martialis
1391 1381 1520 1418 aetate

132 1437 320 1476 citeriore
348 1437 546 1476 vocitatus
573 1440 636 1476 est
660 1440 828 1489 propter
846 1435 1017 1476 hiberna
1037 1436 1242 1489 legionum
1261 1436 1520 1492 Iulianarum,

132 1497 318 1549 suspicor
344 1496 576 1536 diuturnius
603 1500 643 1536 te
670 1502 940 1550 moraturum,
974 1509 1053 1549 quo
1081 1497 1160 1537 loci
1185 1497 1262 1537 tibi
1289 1511 1381 1538 cum
1407 1498 1520 1539 ferax

132 1558 247 1597 vinea
281 1561 356 1611 est,
388 1562 474 1597 tum
506 1562 668 1610 praeter
699 1558 829 1609 ipsam
861 1557 1071 1610 praedium
1104 1570 1248 1611 magno
1275 1571 1357 1598 non
1383 1560 1519 1599 minus

133 1618 310 1672 domino,
343 1617 450 1670 quod
482 1622 522 1658 te
554 1622 726 1670 tuosque
756 1617 968 1670 plurifaria
994 1618 1157 1671 frugum
1182 1620 1518 1673 mansionumque
1539 1634 1575 1661 20

130 1678 223 1719 dote
256 1683 496 1719 remoretur.
543 1676 581 1718 2.
609 1677 720 1718 ilicet
747 1680 783 1718 si
808 1678 967 1718 horreis
994 1679 1283 1732 apothecisque
1313 1692 1385 1720 seu
1410 1693 1520 1733 penu

131 1738 295 1792 impleta
328 1739 507 1779 destinas
540 1738 624 1779 illic
656 1751 785 1791 usque
819 1739 866 1779 ad
897 1739 1113 1780 adventum
1139 1739 1429 1781 hirundineum
1455 1740 1519 1781 vel

132 1801 365 1840 ciconinum
403 1799 489 1840 Iani
521 1799 756 1852 Numaeque
789 1799 1006 1852 ninguidos
1039 1812 1203 1840 menses
1236 1802 1278 1840 in
1311 1802 1392 1841 otio
1426 1801 1518 1842 fuli-

132 1862 272 1913 ginoso
307 1862 390 1901 sive
424 1862 601 1901 tunicata
629 1861 764 1913 quiete
791 1862 1082 1915 transmittere,
1114 1860 1233 1902 nobis
1261 1874 1421 1914 quoque
1448 1874 1517 1914 pa-

129 1933 219 1962 rum
259 1922 302 1962 in
342 1921 489 1975 oppido
530 1922 759 1962 fructuosae
797 1922 984 1975 protinus
1024 1921 1339 1975 amputabuntur
1371 1935 1514 1963 causae
1536 1936 1571 1964 25

128 1994 346 2036 morarum,
378 1987 435 2037 ut,
468 1982 564 2022 dum
590 1983 677 2035 ipse
704 1983 899 2022 nimirum
925 1982 1074 2022 frueris
1100 1995 1208 2037 rure,
1235 1995 1309 2023 nos
1342 1987 1381 2023 te
1408 1983 1515 2023 frua-

227 2162 250 2194 4
277 2158 425 2195 exirent
449 2171 518 2206 per
542 2159 702 2195 vulnera
730 2159 853 2205 01112
880 2161 1077 2196 constaret
1105 2159 1161 2205 011
1183 2163 1228 2195 14
1242 2159 1447 2243 votisque}
1476 2161 1516 2196 et

128 2206 229 2244 votis
252 2207 285 2245 0
298 2209 311 2255 ΙΙ
333 2212 376 2244 16
397 2207 628 2244 violoscensi
651 2208 685 2244 Τ
701 2213 735 2245 et
761 2209 931 2245 Vatican.
954 2211 1051 2245 3421
1071 2210 1084 2254 ΙΙ
1105 2211 1149 2244 18
1176 2207 1252 2244 1061
1266 2208 1353 2244 LN
1358 2209 1400 2255 Τ
1444 2220 1513 2245 oco

131 2256 207 2300 (vel
231 2255 308 2293 1061
333 2268 360 2293 s.
386 2257 409 2294 l.
431 2257 518 2293 add
546 2257 596 2293 V¹
604 2257 682 2303 M1)
696 2256 787 2293 VM
792 2256 824 2294 0
838 2258 850 2304 ΙΙ
870 2260 914 2292 19
940 2258 1094 2303 praeter
1118 2257 1245 2303 ipsam
1264 2257 1377 2303 LN
1354 2257 1364 2277 ¹
1403 2268 1513 2303 prae-

129 2304 236 2340 terea
267 2304 394 2351 ipsum
429 2307 538 2350 (corr
572 2306 615 2341 in
651 2306 806 2351 praeter
844 2306 970 2352 ipsam
1007 2305 1133 2351 ipsum
1166 2305 1243 2350 ΜΞ,
1280 2307 1323 2342 in
1359 2307 1514 2362 praeter

126 2350 252 2398 ipsum
286 2353 596 2398 ΤὈῩΜΤΟΝ2
639 2355 651 2400 ΙΙ
696 2357 740 2389 22
767 2353 1038 2390 hirundineum
1069 2365 1137 2391 om.
1165 2354 1320 2400 LMN,
1351 2355 1437 2392 add.
1471 2356 1515 2391 in

126 2411 240 2449 mwry.
263 2402 390 2439 N¹M¹
414 2401 556 2445 [vela.
585 2403 608 2438 l.
635 2403 721 2439 add.
744 2402 806 2438 Μ1
825 2404 837 2449 ΙΙ

1239 2466 1292 2498 4*
