1592 2612
332 133 565 172 SIDONIUS
591 131 839 171 DOMNICIO
865 131 961 170 SUO
990 131 1235 169 SALUTEM.
1419 129 1478 173 95

164 250 268 292 quae
300 236 577 279 Salamoniaco
607 237 716 290 potis
748 239 811 276 est
843 234 1062 288 confligere
1094 233 1260 288 templo,

256 299 429 352 septima
460 310 563 351 quae
594 296 748 338 mundo
780 295 934 336 fabrica
965 297 1068 336 mira
1100 295 1188 336 fuit.

87 367 134 403 15
165 371 262 402 nam
292 359 465 413 gemmis
497 370 595 399 auro
629 362 795 411 argento
830 358 866 397 si
898 356 1104 410 splenduit
1134 354 1248 410 illud,

256 419 367 462 istud
398 418 698 473 transgreditur
729 422 874 459 cuncta
906 416 1067 458 metalla
1099 415 1190 457 fide.

163 481 286 536 livor,
316 480 401 535 abi,
432 480 602 521 mordax
632 478 972 532 absolvanturque
1005 479 1177 531 priores,

254 540 314 582 nil
344 546 466 582 novet
497 545 566 582 aut
597 539 717 580 addat
747 539 908 593 garrula
939 539 1176 592 posteritas3

169 602 346 656 dumque
378 603 489 643 venit
520 601 721 655 Christus,
752 599 924 654 populos
958 601 1029 653 qui
1062 600 1233 640 suscitet
1265 594 1419 651 omnes,

85 671 134 705 20
256 668 455 717 perpetuo
488 662 637 704 durent
668 661 846 702 culmina
876 660 1080 714 Perpetui.

85 759 126 803 6.
159 759 409 815 Obtulimus,
440 764 487 800 ut
517 761 671 813 cernis,
709 758 817 812 quod
850 757 1073 799 cantilenae
1106 757 1283 797 recentis
1316 755 1479 795 obvium

84 822 225 863 manui
269 820 363 875 fuit3
407 820 480 861 sed
517 832 593 860 nec
630 820 708 860 hoc
745 821 901 873 minus,
939 819 974 858 si
1010 830 1146 858 moras
1183 818 1334 871 nectis,
1372 820 1479 856 astra

87 883 330 935 quatiemus,
365 880 554 922 versibus
587 892 747 934 quoque
781 878 1086 933 satirographis,
1118 879 1155 918 si
1186 890 1254 918 res
1286 877 1479 930 exegerit,

85 943 220 998 usuri,
261 954 364 996 quos
400 941 496 982 huic
535 942 707 982 carmini
744 940 910 981 lenitate
949 938 1233 992 adaequandos
1271 937 1372 978 falso
1403 950 1478 990 pu-

84 1003 203 1044 tabis.
247 1014 422 1056 namque
454 1002 660 1043 efficacius
694 1003 814 1043 citius
841 1001 1050 1042 ardentius
1075 1004 1220 1040 natura
1245 997 1477 1039 mortalium
1515 1006 1533 1033 5

87 1063 223 1118 culpat
253 1062 387 1117 aliqua
419 1076 540 1117 quam
571 1062 718 1104 laudet.
767 1061 866 1103 vale.

723 1216 843 1260 XIX.

296 1300 527 1338 SIDONIUS
551 1299 873 1337 FLORENTINO
901 1299 995 1336 SUO
1024 1298 1269 1336 SALUTEM.

179 1378 232 1420 Et
257 1391 393 1420 moras
417 1383 578 1419 nostras
606 1383 647 1419 et
673 1377 881 1418 silentium
907 1389 1085 1419 accusas.
1136 1382 1356 1429 utrumque
1382 1386 1478 1428 pur-

91 1438 222 1493 gabile
255 1445 335 1494 est3
368 1451 542 1492 namque
576 1444 615 1479 et
645 1440 831 1479 venimus
864 1443 904 1479 et
936 1437 1165 1479 scribimus.
1216 1435 1315 1476 vale.

625 1629 630 1636 .
737 1593 833 1636 XX.

342 1674 571 1712 SIDONIUS
596 1674 843 1712 DOMNICIO
871 1675 964 1711 SUO
992 1673 1236 1711 SALUTEM.
1501 1681 1535 1707 10

186 1751 224 1794 1.
257 1753 330 1808 Tu,
357 1754 424 1794 cui
449 1753 684 1806 frequenter
710 1765 821 1793 arma
847 1758 887 1793 et
912 1757 1088 1793 armatos
1114 1753 1317 1805 inspicere
1337 1751 1480 1790 iucun-

90 1813 188 1855 dum
226 1819 306 1869 est,
344 1826 464 1867 quam
500 1813 766 1868 voluptatem,
803 1818 1011 1868 putamus,
1048 1817 1183 1853 mente
1224 1823 1481 1864 conceperas,

91 1876 128 1915 si
159 1874 423 1927 Sigismerem
455 1875 613 1928 regium
644 1876 831 1915 iuvenem
863 1876 946 1914 ritu
977 1879 1097 1927 atque
1130 1872 1241 1913 cultu
1274 1870 1479 1925 gentilicio

91 1939 292 1990 ornatum,
323 1940 462 1988 utpote
489 1948 683 1989 sponsum
713 1948 786 1975 seu
810 1936 1041 1989 petitorem,
1072 1934 1323 1988 praetorium
1349 1933 1482 1972 soceri

92 2001 284 2049 expetere
315 1995 510 2036 vidisses!
567 1995 681 2037 illum
714 2008 843 2049 equus
877 1995 1040 2049 quidem
1072 1994 1250 2049 phaleris
1283 1997 1480 2046 comptus,
1502 2005 1535 2033 1⁵

190 2147 227 2172 v.
250 2140 295 2172 13
321 2135 582 2173 salamoniaco
603 2136 692 2173 LN
711 2141 746 2174 et
773 2140 882 2182 (corr.
902 2138 947 2173 in
972 2135 1229 2172 salomoniaco
1250 2133 1396 2179 MDM,
1421 2144 1480 2168 sa.-

94 2183 311 2221 lomoniaco
339 2184 413 2221 Tc
445 2186 458 2230 [Ι
497 2188 515 2219 1
544 2184 700 2220 obvium
726 2185 763 2221 L
788 2190 823 2222 et
856 2187 965 2230 (corr.
992 2186 1035 2221 in
1061 2183 1215 2219 obviam
1241 2182 1383 2228 N¹)N,
1414 2181 1479 2216 ob-

93 2231 198 2269 viam
223 2233 377 2279 MGTfl
398 2236 418 2268 7
445 2234 556 2269 inser.
584 2244 652 2269 om.
679 2233 746 2280 Lll
768 2238 812 2270 10
838 2235 950 2270 inser.
979 2245 1046 2270 om.
1068 2232 1104 2267 L
1126 2236 1131 2277 Ι
1155 2229 1342 2268 domnitio
1362 2230 1453 2266 MT
1469 2230 1482 2277 Η

96 2285 140 2317 11
168 2292 277 2317 arma
302 2283 343 2317 et·
368 2283 536 2317 armatos
563 2281 653 2317 LN
658 2282 700 2327 T,
731 2283 795 2319 sed
826 2294 919 2319 corr.
946 2283 990 2318 in
1022 2291 1129 2316 arma
1160 2281 1200 2315 et
1225 2280 1416 2315 armatum
1441 2279 1482 2314 et

94 2331 262 2366 armatos
282 2330 351 2375 Νι,
378 2340 486 2365 arma
512 2330 552 2365 et
577 2331 766 2366 armatum
793 2332 833 2366 et
858 2331 1026 2366 armatos
1054 2327 1134 2373 VO,
1163 2339 1269 2364 arma
1295 2329 1335 2364 et
1358 2338 1480 2363 arma·

90 2378 176 2413 tum
207 2379 247 2414 et
272 2377 464 2414 animatos
490 2377 568 2423 (vel
594 2380 763 2415 armatos
789 2390 817 2416 s.
839 2380 862 2415 l.
884 2379 969 2415 add.
992 2377 1043 2413 M
1048 2377 1134 2421 OM
1147 2379 1159 2423 11
1182 2380 1225 2412 12
1253 2386 1481 2423 conceperas

92 2425 130 2461 L
148 2430 183 2464 et
203 2429 312 2472 (corr.
340 2428 382 2463 in
408 2425 628 2473 conciperes
654 2426 790 2474 NDN,
817 2426 1036 2473 conciperes
1064 2425 1115 2461 M
1121 2425 1193 2463 OT
1207 2427 1220 2472 ss
