<?xml version="1.0" encoding="UTF-8"?>
<!DOCTYPE html PUBLIC "-//W3C//DTD XHTML 1.0 Transitional//EN"
    "http://www.w3.org/TR/xhtml1/DTD/xhtml1-transitional.dtd">
<html xmlns="http://www.w3.org/1999/xhtml" xml:lang="en" lang="en">
 <head>
  <title>
</title>
<meta http-equiv="Content-Type" content="text/html;charset=utf-8" />
  <meta name='ocr-system' content='tesseract 3.04.00' />
  <meta name='ocr-capabilities' content='ocr_page ocr_carea ocr_par ocr_line ocrx_word'/>
</head>
<body>
  <div class='ocr_page' id='page_1' title='image "./csolliusapollina00sidouoft_0066.png"; bbox 0 0 1592 2612; ppageno 0'>
   <div class='ocr_carea' id='block_1_1' title="bbox 157 131 1016 182">
    <p class='ocr_par' dir='ltr' id='par_1_1' title="bbox 157 131 1016 182">
     <span class='ocr_line' id='line_1_1' title="bbox 157 131 1016 182; baseline -0.006 -9"><span class='ocrx_word' id='word_1_1' title='bbox 157 140 212 182; x_wconf 87' lang='lat'>14</span> <span class='ocrx_word' id='word_1_2' title='bbox 649 133 796 170; x_wconf 83' lang='lat' dir='ltr'>LIBER</span> <span class='ocrx_word' id='word_1_3' title='bbox 820 131 1016 168; x_wconf 82' lang='lat' dir='ltr'>PRIMUS.</span> 
     </span>
    </p>
   </div>
   <div class='ocr_carea' id='block_1_2' title="bbox 97 233 1537 1979">
    <p class='ocr_par' dir='ltr' id='par_1_2' title="bbox 97 233 1537 1979">
     <span class='ocr_line' id='line_1_2' title="bbox 154 233 1524 288; baseline -0.007 -7"><span class='ocrx_word' id='word_1_4' title='bbox 154 241 261 281; x_wconf 89' lang='lat' dir='ltr'>disse</span> <span class='ocrx_word' id='word_1_5' title='bbox 295 239 365 280; x_wconf 88' lang='lat' dir='ltr'>sed</span> <span class='ocrx_word' id='word_1_6' title='bbox 396 243 477 279; x_wconf 87' lang='lat' dir='ltr'>tam</span> <span class='ocrx_word' id='word_1_7' title='bbox 510 238 578 278; x_wconf 95' lang='lat' dir='ltr'>diu</span> <span class='ocrx_word' id='word_1_8' title='bbox 619 237 779 277; x_wconf 82' lang='lat' dir='ltr'>stetisse</span> <span class='ocrx_word' id='word_1_9' title='bbox 811 234 901 288; x_wconf 92' lang='lat' dir='ltr'>plus</span> <span class='ocrx_word' id='word_1_10' title='bbox 933 235 1070 274; x_wconf 89' lang='lat' dir='ltr'>miror.</span> <span class='ocrx_word' id='word_1_11' title='bbox 1128 245 1150 272; x_wconf 93' lang='lat' dir='ltr'>o</span> <span class='ocrx_word' id='word_1_12' title='bbox 1184 233 1372 285; x_wconf 89' lang='lat' dir='ltr'>quotiens</span> <span class='ocrx_word' id='word_1_13' title='bbox 1404 238 1524 286; x_wconf 81' lang='lat' dir='ltr'>saepe</span> 
     </span>
     <span class='ocr_line' id='line_1_3' title="bbox 154 290 1525 354; baseline -0.006 -13"><span class='ocrx_word' id='word_1_14' title='bbox 154 290 240 354; x_wconf 81' lang='lat' dir='ltr'>ipse</span> <span class='ocrx_word' id='word_1_15' title='bbox 274 313 316 340; x_wconf 92' lang='lat' dir='ltr'>se</span> <span class='ocrx_word' id='word_1_16' title='bbox 349 299 513 339; x_wconf 87' lang='lat' dir='ltr'>adversa</span> <span class='ocrx_word' id='word_1_17' title='bbox 537 308 775 351; x_wconf 89' lang='lat' dir='ltr'>perpessum</span> <span class='ocrx_word' id='word_1_18' title='bbox 801 294 1057 348; x_wconf 81' lang='lat' dir='ltr'>gloriabatur,</span> <span class='ocrx_word' id='word_1_19' title='bbox 1090 305 1181 334; x_wconf 90' lang='lat' dir='ltr'>cum</span> <span class='ocrx_word' id='word_1_20' title='bbox 1212 297 1349 334; x_wconf 90' lang='lat' dir='ltr'>tamen</span> <span class='ocrx_word' id='word_1_21' title='bbox 1373 305 1448 334; x_wconf 87' lang='lat' dir='ltr'>nos</span> <span class='ocrx_word' id='word_1_22' title='bbox 1475 292 1525 333; x_wconf 91' lang='lat' dir='ltr'>ab</span> 
     </span>
     <span class='ocr_line' id='line_1_4' title="bbox 155 353 1525 412; baseline -0.006 -11"><span class='ocrx_word' id='word_1_23' title='bbox 155 361 298 401; x_wconf 86' lang='lat' dir='ltr'>affectu</span> <span class='ocrx_word' id='word_1_24' title='bbox 334 359 593 412; x_wconf 83' lang='lat' dir='ltr'><strong>profundiore</strong></span> <span class='ocrx_word' id='word_1_25' title='bbox 626 359 823 397; x_wconf 82' lang='lat' dir='ltr'><strong>ruituram</strong></span> <span class='ocrx_word' id='word_1_26' title='bbox 856 356 942 395; x_wconf 87' lang='lat' dir='ltr'>eius</span> <span class='ocrx_word' id='word_1_27' title='bbox 981 353 1220 407; x_wconf 84' lang='lat' dir='ltr'>quandoque</span> <span class='ocrx_word' id='word_1_28' title='bbox 1252 355 1525 394; x_wconf 79' lang='lat' dir='ltr'><strong>temeritatem</strong></span> 
     </span>
     <span class='ocr_line' id='line_1_5' title="bbox 154 413 1523 474; baseline -0.005 -13"><span class='ocrx_word' id='word_1_29' title='bbox 154 423 456 474; x_wconf 79' lang='lat' dir='ltr'>miseraremur,</span> <span class='ocrx_word' id='word_1_30' title='bbox 494 419 728 459; x_wconf 84' lang='lat' dir='ltr'>definientes</span> <span class='ocrx_word' id='word_1_31' title='bbox 766 429 847 456; x_wconf 92' lang='lat' dir='ltr'>non</span> <span class='ocrx_word' id='word_1_32' title='bbox 886 428 974 455; x_wconf 91' lang='lat' dir='ltr'>esse</span> <span class='ocrx_word' id='word_1_33' title='bbox 1012 414 1190 469; x_wconf 84' lang='lat' dir='ltr'>felicem,</span> <span class='ocrx_word' id='word_1_34' title='bbox 1230 415 1300 468; x_wconf 89' lang='lat' dir='ltr'>qui</span> <span class='ocrx_word' id='word_1_35' title='bbox 1335 414 1412 455; x_wconf 92' lang='lat' dir='ltr'>hoc</span> <span class='ocrx_word' id='word_1_36' title='bbox 1445 413 1523 455; x_wconf 82' lang='lat' dir='ltr'>fre-</span> 
     </span>
     <span class='ocr_line' id='line_1_6' title="bbox 119 472 1524 534; baseline -0.004 -13"><span class='ocrx_word' id='word_1_37' title='bbox 119 494 136 520; x_wconf 81' lang='lat'>5</span> <span class='ocrx_word' id='word_1_38' title='bbox 157 486 325 534; x_wconf 89' lang='lat' dir='ltr'>quenter</span> <span class='ocrx_word' id='word_1_39' title='bbox 367 481 501 533; x_wconf 86' lang='lat' dir='ltr'>potius</span> <span class='ocrx_word' id='word_1_40' title='bbox 546 491 634 519; x_wconf 89' lang='lat' dir='ltr'>esse</span> <span class='ocrx_word' id='word_1_41' title='bbox 681 489 799 530; x_wconf 88' lang='lat' dir='ltr'>quam</span> <span class='ocrx_word' id='word_1_42' title='bbox 838 488 998 528; x_wconf 84' lang='lat' dir='ltr'>semper</span> <span class='ocrx_word' id='word_1_43' title='bbox 1037 473 1302 516; x_wconf 89' lang='lat' dir='ltr'>iudicaretur!</span> <span class='ocrx_word' id='word_1_44' title='bbox 1368 472 1407 515; x_wconf 81' lang='lat'>3.</span> <span class='ocrx_word' id='word_1_45' title='bbox 1454 475 1524 515; x_wconf 91' lang='lat' dir='ltr'>sed</span> 
     </span>
     <span class='ocr_line' id='line_1_7' title="bbox 128 535 1521 594; baseline -0.004 -13"><span class='ocrx_word' id='word_1_46' title='bbox 128 567 132 570; x_wconf 93' lang='lat'>-</span> <span class='ocrx_word' id='word_1_47' title='bbox 156 541 453 594; x_wconf 83' lang='lat' dir='ltr'>gubernationis</span> <span class='ocrx_word' id='word_1_48' title='bbox 481 552 575 579; x_wconf 89' lang='lat' dir='ltr'>suae</span> <span class='ocrx_word' id='word_1_49' title='bbox 600 538 781 578; x_wconf 89' lang='lat' dir='ltr'>ordinem</span> <span class='ocrx_word' id='word_1_50' title='bbox 802 537 995 589; x_wconf 81' lang='lat' dir='ltr'>exposcis.</span> <span class='ocrx_word' id='word_1_51' title='bbox 1035 535 1141 575; x_wconf 87' lang='lat' dir='ltr'>salva</span> <span class='ocrx_word' id='word_1_52' title='bbox 1167 535 1263 576; x_wconf 91' lang='lat' dir='ltr'>fidei</span> <span class='ocrx_word' id='word_1_53' title='bbox 1282 536 1521 590; x_wconf 89' lang='lat' dir='ltr'>reverentia,</span> 
     </span>
     <span class='ocr_line' id='line_1_8' title="bbox 155 595 1520 654; baseline -0.004 -13"><span class='ocrx_word' id='word_1_54' title='bbox 155 613 255 654; x_wconf 90' lang='lat' dir='ltr'>quae</span> <span class='ocrx_word' id='word_1_55' title='bbox 288 602 413 640; x_wconf 90' lang='lat' dir='ltr'>amico</span> <span class='ocrx_word' id='word_1_56' title='bbox 447 599 616 640; x_wconf 90' lang='lat' dir='ltr'>debetur</span> <span class='ocrx_word' id='word_1_57' title='bbox 648 600 767 638; x_wconf 91' lang='lat' dir='ltr'>etiam</span> <span class='ocrx_word' id='word_1_58' title='bbox 800 597 958 651; x_wconf 78' lang='lat' dir='ltr'>afflicto,</span> <span class='ocrx_word' id='word_1_59' title='bbox 991 608 1078 636; x_wconf 92' lang='lat' dir='ltr'>rem</span> <span class='ocrx_word' id='word_1_60' title='bbox 1106 595 1285 636; x_wconf 88' lang='lat' dir='ltr'>breviter</span> <span class='ocrx_word' id='word_1_61' title='bbox 1304 608 1520 649; x_wconf 85' lang='lat' dir='ltr'>exponam.</span> 
     </span>
     <span class='ocr_line' id='line_1_9' title="bbox 154 655 1524 714; baseline -0.004 -13"><span class='ocrx_word' id='word_1_62' title='bbox 154 661 443 714; x_wconf 83' lang='lat' dir='ltr'>praefecturam</span> <span class='ocrx_word' id='word_1_63' title='bbox 474 661 642 713; x_wconf 89' lang='lat' dir='ltr'>primam</span> <span class='ocrx_word' id='word_1_64' title='bbox 682 658 919 711; x_wconf 84' lang='lat' dir='ltr'>gubernavit</span> <span class='ocrx_word' id='word_1_65' title='bbox 957 669 1049 697; x_wconf 91' lang='lat' dir='ltr'>cum</span> <span class='ocrx_word' id='word_1_66' title='bbox 1080 668 1225 709; x_wconf 87' lang='lat' dir='ltr'>magna</span> <span class='ocrx_word' id='word_1_67' title='bbox 1256 655 1524 710; x_wconf 83' lang='lat' dir='ltr'>popularitate</span> 
     </span>
     <span class='ocr_line' id='line_1_10' title="bbox 155 717 1523 773; baseline -0.004 -12"><span class='ocrx_word' id='word_1_68' title='bbox 155 725 545 773; x_wconf 87' lang='lat' dir='ltr'>consequentemque</span> <span class='ocrx_word' id='word_1_69' title='bbox 578 732 669 760; x_wconf 92' lang='lat' dir='ltr'>cum</span> <span class='ocrx_word' id='word_1_70' title='bbox 701 719 873 759; x_wconf 86' lang='lat' dir='ltr'>maxima</span> <span class='ocrx_word' id='word_1_71' title='bbox 904 717 1174 771; x_wconf 86' lang='lat' dir='ltr'>populatione.</span> <span class='ocrx_word' id='word_1_72' title='bbox 1219 718 1373 770; x_wconf 89' lang='lat' dir='ltr'>pariter</span> <span class='ocrx_word' id='word_1_73' title='bbox 1399 729 1523 757; x_wconf 90' lang='lat' dir='ltr'>onere</span> 
     </span>
     <span class='ocr_line' id='line_1_11' title="bbox 100 777 1525 834; baseline -0.002 -13"><span class='ocrx_word' id='word_1_74' title='bbox 100 795 134 820; x_wconf 89' lang='lat'>10</span> <span class='ocrx_word' id='word_1_75' title='bbox 154 781 368 834; x_wconf 85' lang='lat' dir='ltr'>depressus</span> <span class='ocrx_word' id='word_1_76' title='bbox 407 782 510 821; x_wconf 89' lang='lat' dir='ltr'>aeris</span> <span class='ocrx_word' id='word_1_77' title='bbox 548 779 668 820; x_wconf 91' lang='lat' dir='ltr'>alieni</span> <span class='ocrx_word' id='word_1_78' title='bbox 705 784 817 819; x_wconf 91' lang='lat' dir='ltr'>metu</span> <span class='ocrx_word' id='word_1_79' title='bbox 855 778 1103 819; x_wconf 89' lang='lat' dir='ltr'>creditorum</span> <span class='ocrx_word' id='word_1_80' title='bbox 1141 789 1403 818; x_wconf 88' lang='lat' dir='ltr'>successuros</span> <span class='ocrx_word' id='word_1_81' title='bbox 1444 777 1525 818; x_wconf 86' lang='lat' dir='ltr'>sibi</span> 
     </span>
     <span class='ocr_line' id='line_1_12' title="bbox 155 837 1525 894; baseline -0.002 -13"><span class='ocrx_word' id='word_1_82' title='bbox 155 843 363 894; x_wconf 83' lang='lat' dir='ltr'>optimates</span> <span class='ocrx_word' id='word_1_83' title='bbox 396 840 679 881; x_wconf 87' lang='lat' dir='ltr'>aemulabatur.</span> <span class='ocrx_word' id='word_1_84' title='bbox 737 840 916 879; x_wconf 91' lang='lat' dir='ltr'>omnium</span> <span class='ocrx_word' id='word_1_85' title='bbox 949 838 1145 891; x_wconf 89' lang='lat' dir='ltr'>colloquia</span> <span class='ocrx_word' id='word_1_86' title='bbox 1177 838 1325 891; x_wconf 88' lang='lat' dir='ltr'>ridere,</span> <span class='ocrx_word' id='word_1_87' title='bbox 1356 837 1525 879; x_wconf 82' lang='lat' dir='ltr'>consilia</span> 
     </span>
     <span class='ocr_line' id='line_1_13' title="bbox 153 899 1524 955; baseline -0.001 -14"><span class='ocrx_word' id='word_1_88' title='bbox 153 903 308 955; x_wconf 89' lang='lat' dir='ltr'>mirari,</span> <span class='ocrx_word' id='word_1_89' title='bbox 347 901 476 941; x_wconf 89' lang='lat' dir='ltr'>officia</span> <span class='ocrx_word' id='word_1_90' title='bbox 514 906 790 954; x_wconf 85' lang='lat' dir='ltr'>contemnere,</span> <span class='ocrx_word' id='word_1_91' title='bbox 828 901 912 952; x_wconf 90' lang='lat' dir='ltr'>pati</span> <span class='ocrx_word' id='word_1_92' title='bbox 949 899 998 939; x_wconf 88' lang='lat' dir='ltr'>de</span> <span class='ocrx_word' id='word_1_93' title='bbox 1038 903 1323 940; x_wconf 87' lang='lat' dir='ltr'>occurrentum</span> <span class='ocrx_word' id='word_1_94' title='bbox 1357 900 1524 939; x_wconf 88' lang='lat' dir='ltr'>raritate</span> 
     </span>
     <span class='ocr_line' id='line_1_14' title="bbox 153 958 1524 1015; baseline -0.001 -14"><span class='ocrx_word' id='word_1_95' title='bbox 153 963 440 1015; x_wconf 87' lang='lat' dir='ltr'>suspicionem,</span> <span class='ocrx_word' id='word_1_96' title='bbox 472 962 520 1002; x_wconf 88' lang='lat' dir='ltr'>de</span> <span class='ocrx_word' id='word_1_97' title='bbox 553 961 785 1001; x_wconf 84' lang='lat' dir='ltr'>assiduitate</span> <span class='ocrx_word' id='word_1_98' title='bbox 818 960 1042 1013; x_wconf 88' lang='lat' dir='ltr'>fastidium,</span> <span class='ocrx_word' id='word_1_99' title='bbox 1074 959 1221 1013; x_wconf 90' lang='lat' dir='ltr'>donec,</span> <span class='ocrx_word' id='word_1_100' title='bbox 1253 959 1337 999; x_wconf 88' lang='lat' dir='ltr'>odii</span> <span class='ocrx_word' id='word_1_101' title='bbox 1367 958 1524 1012; x_wconf 90' lang='lat' dir='ltr'>publici</span> 
     </span>
     <span class='ocr_line' id='line_1_15' title="bbox 152 1020 1522 1074; baseline 0 -14"><span class='ocrx_word' id='word_1_102' title='bbox 152 1021 255 1061; x_wconf 90' lang='lat' dir='ltr'>mole</span> <span class='ocrx_word' id='word_1_103' title='bbox 298 1021 462 1062; x_wconf 88' lang='lat' dir='ltr'>vallatus</span> <span class='ocrx_word' id='word_1_104' title='bbox 504 1026 544 1061; x_wconf 91' lang='lat' dir='ltr'>et</span> <span class='ocrx_word' id='word_1_105' title='bbox 583 1023 696 1074; x_wconf 90' lang='lat' dir='ltr'>prius</span> <span class='ocrx_word' id='word_1_106' title='bbox 739 1022 894 1061; x_wconf 89' lang='lat' dir='ltr'>cinctus</span> <span class='ocrx_word' id='word_1_107' title='bbox 937 1020 1117 1060; x_wconf 88' lang='lat' dir='ltr'>custodia</span> <span class='ocrx_word' id='word_1_108' title='bbox 1159 1032 1278 1073; x_wconf 90' lang='lat' dir='ltr'>quam</span> <span class='ocrx_word' id='word_1_109' title='bbox 1322 1024 1522 1073; x_wconf 88' lang='lat' dir='ltr'>potestate</span> 
     </span>
     <span class='ocr_line' id='line_1_16' title="bbox 100 1079 1521 1136; baseline -0.001 -15"><span class='ocrx_word' id='word_1_110' title='bbox 100 1095 133 1121; x_wconf 80' lang='lat'>15</span> <span class='ocrx_word' id='word_1_111' title='bbox 154 1082 394 1135; x_wconf 89' lang='lat' dir='ltr'>discinctus,</span> <span class='ocrx_word' id='word_1_112' title='bbox 438 1087 576 1135; x_wconf 89' lang='lat' dir='ltr'>captus</span> <span class='ocrx_word' id='word_1_113' title='bbox 622 1082 924 1134; x_wconf 87' lang='lat' dir='ltr'>destinatusque</span> <span class='ocrx_word' id='word_1_114' title='bbox 968 1082 1152 1133; x_wconf 86' lang='lat' dir='ltr'>pervenit</span> <span class='ocrx_word' id='word_1_115' title='bbox 1194 1080 1384 1136; x_wconf 89' lang='lat' dir='ltr'>Romam,</span> <span class='ocrx_word' id='word_1_116' title='bbox 1428 1079 1521 1121; x_wconf 91' lang='lat' dir='ltr'>ilico</span> 
     </span>
     <span class='ocr_line' id='line_1_17' title="bbox 151 1140 1522 1195; baseline -0.001 -14"><span class='ocrx_word' id='word_1_117' title='bbox 151 1147 327 1195; x_wconf 89' lang='lat' dir='ltr'>tumens,</span> <span class='ocrx_word' id='word_1_118' title='bbox 372 1143 478 1194; x_wconf 81' lang='lat' dir='ltr'>quod</span> <span class='ocrx_word' id='word_1_119' title='bbox 518 1154 711 1195; x_wconf 89' lang='lat' dir='ltr'>prospero</span> <span class='ocrx_word' id='word_1_120' title='bbox 750 1154 871 1182; x_wconf 90' lang='lat' dir='ltr'>cursu</span> <span class='ocrx_word' id='word_1_121' title='bbox 909 1141 1179 1194; x_wconf 91' lang='lat' dir='ltr'>procellosum</span> <span class='ocrx_word' id='word_1_122' title='bbox 1217 1141 1386 1182; x_wconf 89' lang='lat' dir='ltr'>Tusciae</span> <span class='ocrx_word' id='word_1_123' title='bbox 1425 1140 1522 1182; x_wconf 88' lang='lat' dir='ltr'>litus</span> 
     </span>
     <span class='ocr_line' id='line_1_18' title="bbox 153 1201 1521 1256; baseline 0.001 -15"><span class='ocrx_word' id='word_1_124' title='bbox 153 1203 411 1256; x_wconf 82' lang='lat' dir='ltr'>enavigasset,</span> <span class='ocrx_word' id='word_1_125' title='bbox 441 1208 641 1255; x_wconf 88' lang='lat' dir='ltr'>tamquam</span> <span class='ocrx_word' id='word_1_126' title='bbox 674 1201 752 1242; x_wconf 88' lang='lat' dir='ltr'>sibi</span> <span class='ocrx_word' id='word_1_127' title='bbox 784 1202 886 1242; x_wconf 87' lang='lat' dir='ltr'>bene</span> <span class='ocrx_word' id='word_1_128' title='bbox 914 1203 1073 1242; x_wconf 91' lang='lat' dir='ltr'>conscio</span> <span class='ocrx_word' id='word_1_129' title='bbox 1107 1203 1199 1254; x_wconf 89' lang='lat' dir='ltr'>ipsa·</span> <span class='ocrx_word' id='word_1_130' title='bbox 1227 1201 1521 1254; x_wconf 84' lang='lat' dir='ltr'>quodammodo</span> 
     </span>
     <span class='ocr_line' id='line_1_19' title="bbox 153 1261 1519 1315; baseline 0.001 -14"><span class='ocrx_word' id='word_1_131' title='bbox 153 1261 347 1302; x_wconf 88' lang='lat' dir='ltr'>elementa</span> <span class='ocrx_word' id='word_1_132' title='bbox 384 1262 680 1303; x_wconf 87' lang='lat' dir='ltr'>famularentur.</span> <span class='ocrx_word' id='word_1_133' title='bbox 731 1261 769 1302; x_wconf 86' lang='lat'>4.</span> <span class='ocrx_word' id='word_1_134' title='bbox 813 1264 855 1302; x_wconf 91' lang='lat' dir='ltr'>in</span> <span class='ocrx_word' id='word_1_135' title='bbox 895 1262 1087 1315; x_wconf 91' lang='lat' dir='ltr'>Capitolio</span> <span class='ocrx_word' id='word_1_136' title='bbox 1128 1261 1433 1303; x_wconf 88' lang='lat' dir='ltr'>custodiebatur</span> <span class='ocrx_word' id='word_1_137' title='bbox 1470 1261 1519 1302; x_wconf 90' lang='lat' dir='ltr'>ab</span> 
     </span>
     <span class='ocr_line' id='line_1_20' title="bbox 152 1321 1522 1376; baseline 0.001 -15"><span class='ocrx_word' id='word_1_138' title='bbox 152 1321 307 1374; x_wconf 88' lang='lat' dir='ltr'>hospite</span> <span class='ocrx_word' id='word_1_139' title='bbox 345 1322 476 1362; x_wconf 92' lang='lat' dir='ltr'>Flavio</span> <span class='ocrx_word' id='word_1_140' title='bbox 515 1323 664 1376; x_wconf 84' lang='lat' dir='ltr'>Asello,</span> <span class='ocrx_word' id='word_1_141' title='bbox 706 1324 850 1362; x_wconf 88' lang='lat' dir='ltr'>comite</span> <span class='ocrx_word' id='word_1_142' title='bbox 891 1334 1095 1363; x_wconf 90' lang='lat' dir='ltr'>sacrarum</span> <span class='ocrx_word' id='word_1_143' title='bbox 1128 1322 1408 1376; x_wconf 84' lang='lat' dir='ltr'>largitionum,</span> <span class='ocrx_word' id='word_1_144' title='bbox 1451 1323 1522 1375; x_wconf 90' lang='lat' dir='ltr'>qui</span> 
     </span>
     <span class='ocr_line' id='line_1_21' title="bbox 98 1381 1519 1439; baseline 0.002 -19"><span class='ocrx_word' id='word_1_145' title='bbox 98 1394 133 1420; x_wconf 82' lang='lat'>20</span> <span class='ocrx_word' id='word_1_146' title='bbox 153 1381 279 1422; x_wconf 90' lang='lat' dir='ltr'>adhuc</span> <span class='ocrx_word' id='word_1_147' title='bbox 323 1384 364 1421; x_wconf 93' lang='lat' dir='ltr'>in</span> <span class='ocrx_word' id='word_1_148' title='bbox 410 1395 455 1422; x_wconf 93' lang='lat' dir='ltr'>eo</span> <span class='ocrx_word' id='word_1_149' title='bbox 501 1383 820 1423; x_wconf 84' lang='lat' dir='ltr'>semifumantem</span> <span class='ocrx_word' id='word_1_150' title='bbox 857 1383 1132 1439; x_wconf 88' lang='lat' dir='ltr'>praefecturae</span> <span class='ocrx_word' id='word_1_151' title='bbox 1171 1395 1301 1436; x_wconf 91' lang='lat' dir='ltr'>nuper</span> <span class='ocrx_word' id='word_1_152' title='bbox 1340 1387 1519 1423; x_wconf 88' lang='lat' dir='ltr'>extortae</span> 
     </span>
     <span class='ocr_line' id='line_1_22' title="bbox 152 1441 1522 1498; baseline 0.002 -18"><span class='ocrx_word' id='word_1_153' title='bbox 152 1441 383 1494; x_wconf 89' lang='lat' dir='ltr'>dignitatem</span> <span class='ocrx_word' id='word_1_154' title='bbox 414 1443 688 1483; x_wconf 90' lang='lat' dir='ltr'>venerabatur.</span> <span class='ocrx_word' id='word_1_155' title='bbox 754 1445 908 1483; x_wconf 89' lang='lat' dir='ltr'>interea</span> <span class='ocrx_word' id='word_1_156' title='bbox 945 1443 1066 1496; x_wconf 86' lang='lat' dir='ltr'>legati</span> <span class='ocrx_word' id='word_1_157' title='bbox 1096 1445 1326 1496; x_wconf 90' lang='lat' dir='ltr'>provinciae</span> <span class='ocrx_word' id='word_1_158' title='bbox 1359 1442 1522 1498; x_wconf 87' lang='lat' dir='ltr'>Galliae,</span> 
     </span>
     <span class='ocr_line' id='line_1_23' title="bbox 151 1502 1519 1558; baseline 0.002 -17"><span class='ocrx_word' id='word_1_159' title='bbox 151 1502 368 1542; x_wconf 89' lang='lat' dir='ltr'>Tonantius</span> <span class='ocrx_word' id='word_1_160' title='bbox 395 1503 606 1543; x_wconf 91' lang='lat' dir='ltr'>Ferreolus</span> <span class='ocrx_word' id='word_1_161' title='bbox 637 1504 940 1558; x_wconf 88' lang='lat' dir='ltr'>praefectorius,</span> <span class='ocrx_word' id='word_1_162' title='bbox 972 1503 1125 1544; x_wconf 88' lang='lat' dir='ltr'>Afranii</span> <span class='ocrx_word' id='word_1_163' title='bbox 1152 1504 1309 1557; x_wconf 85' lang='lat' dir='ltr'>Syagrii</span> <span class='ocrx_word' id='word_1_164' title='bbox 1340 1503 1519 1545; x_wconf 86' lang='lat' dir='ltr'>consulis</span> 
     </span>
     <span class='ocr_line' id='line_1_24' title="bbox 152 1561 1521 1619; baseline 0.002 -18"><span class='ocrx_word' id='word_1_165' title='bbox 152 1574 172 1601; x_wconf 95' lang='lat' dir='ltr'>e</span> <span class='ocrx_word' id='word_1_166' title='bbox 212 1561 291 1602; x_wconf 86' lang='lat' dir='ltr'>filia</span> <span class='ocrx_word' id='word_1_167' title='bbox 329 1575 472 1617; x_wconf 93' lang='lat' dir='ltr'>nepos,</span> <span class='ocrx_word' id='word_1_168' title='bbox 509 1563 774 1604; x_wconf 88' lang='lat' dir='ltr'>Thaumastus</span> <span class='ocrx_word' id='word_1_169' title='bbox 813 1577 972 1617; x_wconf 88' lang='lat' dir='ltr'>quoque</span> <span class='ocrx_word' id='word_1_170' title='bbox 1006 1571 1045 1604; x_wconf 88' lang='lat' dir='ltr'>et</span> <span class='ocrx_word' id='word_1_171' title='bbox 1075 1564 1308 1619; x_wconf 87' lang='lat' dir='ltr'>Petronius,</span> <span class='ocrx_word' id='word_1_172' title='bbox 1346 1565 1521 1606; x_wconf 82' lang='lat' dir='ltr'>maxima</span> 
     </span>
     <span class='ocr_line' id='line_1_25' title="bbox 150 1623 1520 1678; baseline 0.003 -17"><span class='ocrx_word' id='word_1_173' title='bbox 150 1634 285 1662; x_wconf 91' lang='lat' dir='ltr'>rerum</span> <span class='ocrx_word' id='word_1_174' title='bbox 323 1623 615 1676; x_wconf 88' lang='lat' dir='ltr'>verborumque</span> <span class='ocrx_word' id='word_1_175' title='bbox 655 1626 822 1664; x_wconf 86' lang='lat' dir='ltr'>scientia</span> <span class='ocrx_word' id='word_1_176' title='bbox 859 1625 1032 1678; x_wconf 89' lang='lat' dir='ltr'>praediti</span> <span class='ocrx_word' id='word_1_177' title='bbox 1071 1630 1111 1664; x_wconf 85' lang='lat' dir='ltr'>et</span> <span class='ocrx_word' id='word_1_178' title='bbox 1142 1627 1249 1665; x_wconf 90' lang='lat' dir='ltr'>inter</span> <span class='ocrx_word' id='word_1_179' title='bbox 1279 1624 1520 1678; x_wconf 89' lang='lat' dir='ltr'>principalia</span> 
     </span>
     <span class='ocr_line' id='line_1_26' title="bbox 97 1683 1537 1739; baseline 0.003 -18"><span class='ocrx_word' id='word_1_180' title='bbox 97 1695 131 1721; x_wconf 81' lang='lat'>25</span> <span class='ocrx_word' id='word_1_181' title='bbox 150 1683 300 1734; x_wconf 89' lang='lat' dir='ltr'>patriae</span> <span class='ocrx_word' id='word_1_182' title='bbox 321 1688 481 1724; x_wconf 88' lang='lat' dir='ltr'>nostrae</span> <span class='ocrx_word' id='word_1_183' title='bbox 503 1684 647 1724; x_wconf 87' lang='lat' dir='ltr'>decora</span> <span class='ocrx_word' id='word_1_184' title='bbox 669 1686 856 1739; x_wconf 90' lang='lat' dir='ltr'>ponendi,</span> <span class='ocrx_word' id='word_1_185' title='bbox 882 1687 1089 1738; x_wconf 89' lang='lat' dir='ltr'>praevium</span> <span class='ocrx_word' id='word_1_186' title='bbox 1109 1685 1339 1726; x_wconf 83' lang='lat' dir='ltr'>Arvandum</span> <span class='ocrx_word' id='word_1_187' title='bbox 1356 1685 1537 1739; x_wconf 74' lang='lat' dir='ltr'>publico,</span> 
     </span>
     <span class='ocr_line' id='line_1_27' title="bbox 150 1740 1519 1798; baseline 0.004 -17"><span class='ocrx_word' id='word_1_188' title='bbox 150 1740 310 1783; x_wconf 87' lang='lat' dir='ltr'>nomine</span> <span class='ocrx_word' id='word_1_189' title='bbox 354 1746 579 1784; x_wconf 89' lang='lat' dir='ltr'>accusaturi</span> <span class='ocrx_word' id='word_1_190' title='bbox 623 1758 714 1785; x_wconf 90' lang='lat' dir='ltr'>cum</span> <span class='ocrx_word' id='word_1_191' title='bbox 757 1747 882 1798; x_wconf 89' lang='lat' dir='ltr'>gestis</span> <span class='ocrx_word' id='word_1_192' title='bbox 928 1745 1196 1786; x_wconf 88' lang='lat' dir='ltr'>decretalibus</span> <span class='ocrx_word' id='word_1_193' title='bbox 1236 1747 1519 1798; x_wconf 88' lang='lat' dir='ltr'>insequuntur.</span> 
     </span>
     <span class='ocr_line' id='line_1_28' title="bbox 150 1801 1519 1859; baseline 0.004 -18"><span class='ocrx_word' id='word_1_194' title='bbox 150 1801 188 1842; x_wconf 79' lang='lat'>5.</span> <span class='ocrx_word' id='word_1_195' title='bbox 222 1804 290 1854; x_wconf 91' lang='lat' dir='ltr'>qui</span> <span class='ocrx_word' id='word_1_196' title='bbox 321 1805 427 1843; x_wconf 87' lang='lat' dir='ltr'>inter</span> <span class='ocrx_word' id='word_1_197' title='bbox 458 1809 603 1859; x_wconf 89' lang='lat' dir='ltr'>cetera,</span> <span class='ocrx_word' id='word_1_198' title='bbox 636 1818 736 1858; x_wconf 91' lang='lat' dir='ltr'>quae</span> <span class='ocrx_word' id='word_1_199' title='bbox 771 1806 848 1846; x_wconf 89' lang='lat' dir='ltr'>sibi</span> <span class='ocrx_word' id='word_1_200' title='bbox 879 1806 1145 1859; x_wconf 88' lang='lat' dir='ltr'>provinciales</span> <span class='ocrx_word' id='word_1_201' title='bbox 1178 1806 1331 1858; x_wconf 88' lang='lat' dir='ltr'>agenda</span> <span class='ocrx_word' id='word_1_202' title='bbox 1356 1805 1519 1846; x_wconf 89' lang='lat' dir='ltr'>manda-</span> 
     </span>
     <span class='ocr_line' id='line_1_29' title="bbox 148 1865 1518 1920; baseline 0.004 -19"><span class='ocrx_word' id='word_1_203' title='bbox 148 1868 298 1916; x_wconf 86' lang='lat' dir='ltr'>verant,</span> <span class='ocrx_word' id='word_1_204' title='bbox 330 1865 573 1917; x_wconf 88' lang='lat' dir='ltr'>interceptas</span> <span class='ocrx_word' id='word_1_205' title='bbox 600 1865 753 1905; x_wconf 88' lang='lat' dir='ltr'>litteras</span> <span class='ocrx_word' id='word_1_206' title='bbox 780 1866 1024 1920; x_wconf 86' lang='lat' dir='ltr'>deferebant,</span> <span class='ocrx_word' id='word_1_207' title='bbox 1058 1878 1157 1919; x_wconf 87' lang='lat' dir='ltr'>quas</span> <span class='ocrx_word' id='word_1_208' title='bbox 1183 1866 1358 1906; x_wconf 88' lang='lat' dir='ltr'>Arvandi</span> <span class='ocrx_word' id='word_1_209' title='bbox 1383 1866 1518 1907; x_wconf 88' lang='lat' dir='ltr'>scriba</span> 
     </span>
     <span class='ocr_line' id='line_1_30' title="bbox 150 1924 1518 1979; baseline 0.005 -18"><span class='ocrx_word' id='word_1_210' title='bbox 150 1927 356 1975; x_wconf 91' lang='lat' dir='ltr'>correptus</span> <span class='ocrx_word' id='word_1_211' title='bbox 389 1924 593 1964; x_wconf 88' lang='lat' dir='ltr'>dominum</span> <span class='ocrx_word' id='word_1_212' title='bbox 626 1926 796 1966; x_wconf 88' lang='lat' dir='ltr'>dictasse</span> <span class='ocrx_word' id='word_1_213' title='bbox 829 1927 1102 1979; x_wconf 86' lang='lat' dir='ltr'>profitebatur.</span> <span class='ocrx_word' id='word_1_214' title='bbox 1166 1927 1265 1967; x_wconf 85' lang='lat' dir='ltr'>haec</span> <span class='ocrx_word' id='word_1_215' title='bbox 1298 1927 1347 1967; x_wconf 89' lang='lat' dir='ltr'>ad</span> <span class='ocrx_word' id='word_1_216' title='bbox 1379 1939 1518 1979; x_wconf 85' lang='lat' dir='ltr'>regem</span> 
     </span>
    </p>
   </div>
   <div class='ocr_carea' id='block_1_3' title="bbox 94 1981 1552 2041">
    <p class='ocr_par' dir='ltr' id='par_1_3' title="bbox 94 1981 1552 2041">
     <span class='ocr_line' id='line_1_31' title="bbox 94 1981 1552 2041; baseline 0.005 -20"><span class='ocrx_word' id='word_1_217' title='bbox 94 1995 129 2021; x_wconf 87' lang='lat'>30</span> <span class='ocrx_word' id='word_1_218' title='bbox 149 1981 367 2023; x_wconf 87' lang='lat' dir='ltr'>Gothorum</span> <span class='ocrx_word' id='word_1_219' title='bbox 388 1984 522 2024; x_wconf 91' lang='lat' dir='ltr'>charta</span> <span class='ocrx_word' id='word_1_220' title='bbox 541 1985 750 2026; x_wconf 87' lang='lat' dir='ltr'>videbatur</span> <span class='ocrx_word' id='word_1_221' title='bbox 771 1988 911 2041; x_wconf 89' lang='lat' dir='ltr'>emitti,</span> <span class='ocrx_word' id='word_1_222' title='bbox 937 2000 1076 2040; x_wconf 88' lang='lat' dir='ltr'>pacem</span> <span class='ocrx_word' id='word_1_223' title='bbox 1098 1999 1190 2028; x_wconf 90' lang='lat' dir='ltr'>cum</span> <span class='ocrx_word' id='word_1_224' title='bbox 1210 1986 1361 2028; x_wconf 88' lang='lat' dir='ltr'>Graeco</span> <span class='ocrx_word' id='word_1_225' title='bbox 1389 1989 1517 2041; x_wconf 88' lang='lat' dir='ltr'>impe·</span> <span class='ocrx_word' id='word_1_226' title='bbox 1549 2022 1552 2024; x_wconf 95' lang='lat'>.</span> 
     </span>
    </p>
   </div>
   <div class='ocr_carea' id='block_1_4' title="bbox 146 2124 1520 2417">
    <p class='ocr_par' dir='ltr' id='par_1_4' title="bbox 146 2124 1520 2417">
     <span class='ocr_line' id='line_1_32' title="bbox 246 2124 1520 2176; baseline 0.005 -18"><span class='ocrx_word' id='word_1_227' title='bbox 246 2124 265 2156; x_wconf 84' lang='lat'>5</span> <span class='ocrx_word' id='word_1_228' title='bbox 294 2133 313 2176; x_wconf 72' lang='lat' dir='ltr'>c</span> <span class='ocrx_word' id='word_1_229' title='bbox 340 2125 408 2168; x_wconf 75' lang='lat' dir='ltr'>(sp.</span> <span class='ocrx_word' id='word_1_230' title='bbox 429 2127 449 2159; x_wconf 90' lang='lat'><strong><em>1</em></strong></span> <span class='ocrx_word' id='word_1_231' title='bbox 479 2124 501 2159; x_wconf 81' lang='lat' dir='ltr'>l.</span> <span class='ocrx_word' id='word_1_232' title='bbox 522 2126 618 2169; x_wconf 81' lang='lat' dir='ltr'>vac.)</span> <span class='ocrx_word' id='word_1_233' title='bbox 646 2135 708 2159; x_wconf 79' lang='lat' dir='ltr'>am</span> <span class='ocrx_word' id='word_1_234' title='bbox 735 2136 882 2171; x_wconf 85' lang='lat' dir='ltr'>semper</span> <span class='ocrx_word' id='word_1_235' title='bbox 906 2129 975 2173; x_wconf 76' lang='lat' dir='ltr'>(sp.</span> <span class='ocrx_word' id='word_1_236' title='bbox 997 2130 1044 2163; x_wconf 84' lang='lat'>13</span> <span class='ocrx_word' id='word_1_237' title='bbox 1071 2129 1140 2164; x_wconf 75' lang='lat' dir='ltr'>litt.</span> <span class='ocrx_word' id='word_1_238' title='bbox 1162 2129 1258 2173; x_wconf 84' lang='lat' dir='ltr'>vac.)</span> <span class='ocrx_word' id='word_1_239' title='bbox 1285 2128 1348 2163; x_wconf 66' lang='lat' dir='ltr'>tur</span> <span class='ocrx_word' id='word_1_240' title='bbox 1375 2130 1447 2174; x_wconf 78' lang='lat' dir='ltr'>(sp.</span> <span class='ocrx_word' id='word_1_241' title='bbox 1468 2130 1520 2164; x_wconf 82' lang='lat'>12</span> 
     </span>
     <span class='ocr_line' id='line_1_33' title="bbox 149 2169 1517 2224; baseline 0.007 -20"><span class='ocrx_word' id='word_1_242' title='bbox 149 2169 171 2204; x_wconf 81' lang='lat' dir='ltr'>l.</span> <span class='ocrx_word' id='word_1_243' title='bbox 198 2174 247 2213; x_wconf 82' lang='lat' dir='ltr'>v.)</span> <span class='ocrx_word' id='word_1_244' title='bbox 275 2182 335 2224; x_wconf 76' lang='lat' dir='ltr'>nis</span> <span class='ocrx_word' id='word_1_245' title='bbox 368 2181 458 2207; x_wconf 84' lang='lat' dir='ltr'>suae</span> <span class='ocrx_word' id='word_1_246' title='bbox 484 2171 537 2216; x_wconf 88' lang='lat' dir='ltr'>L,</span> <span class='ocrx_word' id='word_1_247' title='bbox 570 2183 684 2217; x_wconf 84' lang='lat' dir='ltr'>quam</span> <span class='ocrx_word' id='word_1_248' title='bbox 717 2184 863 2219; x_wconf 83' lang='lat' dir='ltr'>semper</span> <span class='ocrx_word' id='word_1_249' title='bbox 882 2186 905 2211; x_wconf 78' lang='lat'><strong>*</strong></span> <span class='ocrx_word' id='word_1_250' title='bbox 924 2186 948 2211; x_wconf 77' lang='lat'>*</span> <span class='ocrx_word' id='word_1_251' title='bbox 967 2186 990 2212; x_wconf 80' lang='lat'><em>*</em></span> <span class='ocrx_word' id='word_1_252' title='bbox 1010 2187 1033 2212; x_wconf 83' lang='lat'><em>*</em></span> <span class='ocrx_word' id='word_1_253' title='bbox 1052 2177 1115 2211; x_wconf 81' lang='lat' dir='ltr'>tur</span> <span class='ocrx_word' id='word_1_254' title='bbox 1133 2186 1231 2213; x_wconf 65' lang='lat' dir='ltr'>*auc*</span> <span class='ocrx_word' id='word_1_255' title='bbox 1249 2174 1308 2211; x_wconf 85' lang='lat' dir='ltr'>nis</span> <span class='ocrx_word' id='word_1_256' title='bbox 1341 2186 1434 2212; x_wconf 82' lang='lat' dir='ltr'>suae</span> <span class='ocrx_word' id='word_1_257' title='bbox 1466 2175 1517 2222; x_wconf 89' lang='lat' dir='ltr'>N,</span> 
     </span>
     <span class='ocr_line' id='line_1_34' title="bbox 147 2220 1517 2270; baseline 0.006 -18"><span class='ocrx_word' id='word_1_258' title='bbox 147 2228 239 2253; x_wconf 81' lang='lat' dir='ltr'>corr.</span> <span class='ocrx_word' id='word_1_259' title='bbox 266 2229 307 2252; x_wconf 80' lang='lat' dir='ltr'>m</span> <span class='ocrx_word' id='word_1_260' title='bbox 333 2230 446 2263; x_wconf 82' lang='lat' dir='ltr'>quam</span> <span class='ocrx_word' id='word_1_261' title='bbox 472 2231 620 2265; x_wconf 85' lang='lat' dir='ltr'>semper</span> <span class='ocrx_word' id='word_1_262' title='bbox 645 2220 886 2258; x_wconf 80' lang='lat' dir='ltr'>iudicaretur.</span> <span class='ocrx_word' id='word_1_263' title='bbox 939 2223 1005 2258; x_wconf 82' lang='lat' dir='ltr'>sed</span> <span class='ocrx_word' id='word_1_264' title='bbox 1031 2224 1320 2270; x_wconf 71' lang='lat' dir='ltr'>gubernationis</span> <span class='ocrx_word' id='word_1_265' title='bbox 1348 2234 1438 2260; x_wconf 85' lang='lat' dir='ltr'>suae</span> <span class='ocrx_word' id='word_1_266' title='bbox 1459 2224 1504 2260; x_wconf 92' lang='lat' dir='ltr'><strong><em>N</em></strong></span> <span class='ocrx_word' id='word_1_267' title='bbox 1507 2225 1517 2245; x_wconf 88' lang='lat'>¹</span> 
     </span>
     <span class='ocr_line' id='line_1_35' title="bbox 146 2263 1516 2318; baseline 0.007 -19"><span class='ocrx_word' id='word_1_268' title='bbox 146 2263 159 2311; x_wconf 80' lang='grc' dir='ltr'>Η</span> <span class='ocrx_word' id='word_1_269' title='bbox 185 2267 205 2300; x_wconf 84' lang='grc'><strong>6</strong></span> <span class='ocrx_word' id='word_1_270' title='bbox 225 2265 512 2311; x_wconf 80' lang='lat' dir='ltr'>gubernationis</span> <span class='ocrx_word' id='word_1_271' title='bbox 531 2268 656 2314; x_wconf 81' lang='lat' dir='ltr'>VMO,</span> <span class='ocrx_word' id='word_1_272' title='bbox 683 2269 965 2315; x_wconf 78' lang='lat' dir='ltr'>dampnationis</span> <span class='ocrx_word' id='word_1_273' title='bbox 982 2272 1024 2317; x_wconf 84' lang='lat' dir='ltr'>T,</span> <span class='ocrx_word' id='word_1_274' title='bbox 1049 2272 1112 2308; x_wconf 88' lang='lat' dir='ltr'>vel</span> <span class='ocrx_word' id='word_1_275' title='bbox 1128 2271 1419 2318; x_wconf 75' lang='lat' dir='ltr'>gubernationis</span> <span class='ocrx_word' id='word_1_276' title='bbox 1442 2283 1471 2308; x_wconf 85' lang='lat' dir='ltr'>s.</span> <span class='ocrx_word' id='word_1_277' title='bbox 1493 2272 1516 2309; x_wconf 80' lang='lat' dir='ltr'>l.</span> 
     </span>
     <span class='ocr_line' id='line_1_36' title="bbox 147 2313 1517 2367; baseline 0.007 -20"><span class='ocrx_word' id='word_1_278' title='bbox 147 2313 233 2367; x_wconf 58' lang='lat' dir='ltr'>add.</span> <span class='ocrx_word' id='word_1_279' title='bbox 257 2313 305 2348; x_wconf 77' lang='grc' dir='ltr'>Τ1</span> <span class='ocrx_word' id='word_1_280' title='bbox 325 2316 335 2367; x_wconf 72' lang='grc' dir='ltr'>Ι]</span> <span class='ocrx_word' id='word_1_281' title='bbox 357 2318 400 2349; x_wconf 80' lang='grc'>12</span> <span class='ocrx_word' id='word_1_282' title='bbox 426 2315 555 2351; x_wconf 81' lang='lat' dir='ltr'>mirari</span> <span class='ocrx_word' id='word_1_283' title='bbox 582 2316 804 2362; x_wconf 72' lang='lat' dir='ltr'>Gustafsson</span> <span class='ocrx_word' id='word_1_284' title='bbox 830 2322 864 2354; x_wconf 76' lang='lat' dir='ltr'>et</span> <span class='ocrx_word' id='word_1_285' title='bbox 883 2319 1132 2366; x_wconf 74' lang='lat' dir='ltr'>Luetjohann,</span> <span class='ocrx_word' id='word_1_286' title='bbox 1158 2318 1290 2355; x_wconf 84' lang='lat' dir='ltr'>rimari</span> <span class='ocrx_word' id='word_1_287' title='bbox 1315 2320 1418 2357; x_wconf 82' lang='lat' dir='ltr'>codd.</span> <span class='ocrx_word' id='word_1_288' title='bbox 1426 2334 1439 2363; x_wconf 89' lang='lat'><em>;</em></span> <span class='ocrx_word' id='word_1_289' title='bbox 1466 2332 1517 2356; x_wconf 74' lang='lat' dir='ltr'>an</span> 
     </span>
     <span class='ocr_line' id='line_1_37' title="bbox 146 2361 1516 2417; baseline 0.007 -22"><span class='ocrx_word' id='word_1_290' title='bbox 146 2361 362 2408; x_wconf 74' lang='lat' dir='ltr'>indignam?</span> <span class='ocrx_word' id='word_1_291' title='bbox 397 2363 634 2409; x_wconf 66' lang='lat' dir='ltr'>LuetJ&#39;ohann</span> <span class='ocrx_word' id='word_1_292' title='bbox 665 2366 676 2411; x_wconf 79' lang='grc' dir='ltr'>ΙΙ</span> <span class='ocrx_word' id='word_1_293' title='bbox 712 2369 752 2400; x_wconf 88' lang='grc'>13</span> <span class='ocrx_word' id='word_1_294' title='bbox 780 2378 824 2402; x_wconf 73' lang='lat' dir='ltr'>ex</span> <span class='ocrx_word' id='word_1_295' title='bbox 855 2367 1000 2411; x_wconf 87' lang='lat' dir='ltr'>publici</span> <span class='ocrx_word' id='word_1_296' title='bbox 1025 2380 1078 2415; x_wconf 75' lang='lat' dir='ltr'>sp.</span> <span class='ocrx_word' id='word_1_297' title='bbox 1099 2373 1122 2404; x_wconf 76' lang='lat'><strong><em>4</em></strong></span> <span class='ocrx_word' id='word_1_298' title='bbox 1149 2369 1171 2405; x_wconf 81' lang='lat' dir='ltr'>l.</span> <span class='ocrx_word' id='word_1_299' title='bbox 1197 2380 1230 2405; x_wconf 84' lang='lat' dir='ltr'>v.</span> <span class='ocrx_word' id='word_1_300' title='bbox 1257 2367 1323 2405; x_wconf 88' lang='lat' dir='ltr'>lici</span> <span class='ocrx_word' id='word_1_301' title='bbox 1349 2379 1416 2405; x_wconf 86' lang='lat' dir='ltr'>om.</span> <span class='ocrx_word' id='word_1_302' title='bbox 1444 2368 1480 2404; x_wconf 88' lang='lat' dir='ltr'><strong><em>L</em></strong></span> <span class='ocrx_word' id='word_1_303' title='bbox 1504 2368 1516 2417; x_wconf 79' lang='grc' dir='ltr'><em>Η</em></span> 
     </span>
    </p>
   </div>
   <div class='ocr_carea' id='block_1_5' title="bbox 148 2409 1240 2463">
    <p class='ocr_par' dir='ltr' id='par_1_5' title="bbox 148 2409 1240 2463">
     <span class='ocr_line' id='line_1_38' title="bbox 148 2409 1240 2463; baseline 0.009 -20"><span class='ocrx_word' id='word_1_304' title='bbox 148 2411 195 2443; x_wconf 84' lang='grc'>14</span> <span class='ocrx_word' id='word_1_305' title='bbox 220 2411 259 2445; x_wconf 80' lang='lat' dir='ltr'>et</span> <span class='ocrx_word' id='word_1_306' title='bbox 283 2409 388 2456; x_wconf 83' lang='lat' dir='ltr'>prius</span> <span class='ocrx_word' id='word_1_307' title='bbox 415 2411 559 2448; x_wconf 86' lang='lat' dir='ltr'>cinctus</span> <span class='ocrx_word' id='word_1_308' title='bbox 586 2424 652 2450; x_wconf 81' lang='lat' dir='ltr'>om.</span> <span class='ocrx_word' id='word_1_309' title='bbox 680 2414 812 2460; x_wconf 69' lang='lat' dir='ltr'>L1124</span> <span class='ocrx_word' id='word_1_310' title='bbox 839 2414 1013 2463; x_wconf 80' lang='lat' dir='ltr'>scientia]</span> <span class='ocrx_word' id='word_1_311' title='bbox 1041 2417 1150 2463; x_wconf 83' lang='lat' dir='ltr'>copia</span> <span class='ocrx_word' id='word_1_312' title='bbox 1177 2417 1211 2452; x_wconf 82' lang='lat' dir='ltr'><em>T</em></span> <span class='ocrx_word' id='word_1_313' title='bbox 1227 2417 1240 2462; x_wconf 89' lang='grc' dir='ltr'>ΙΙ</span> 
     </span>
    </p>
   </div>
  </div>
 </body>
</html>
