<?xml version="1.0" encoding="UTF-8"?>
<!DOCTYPE html PUBLIC "-//W3C//DTD XHTML 1.0 Transitional//EN"
    "http://www.w3.org/TR/xhtml1/DTD/xhtml1-transitional.dtd">
<html xmlns="http://www.w3.org/1999/xhtml" xml:lang="en" lang="en">
 <head>
  <title>
</title>
<meta http-equiv="Content-Type" content="text/html;charset=utf-8" />
  <meta name='ocr-system' content='tesseract 3.04.00' />
  <meta name='ocr-capabilities' content='ocr_page ocr_carea ocr_par ocr_line ocrx_word'/>
</head>
<body>
  <div class='ocr_page' id='page_1' title='image "./csolliusapollina00sidouoft_0252.png"; bbox 0 0 1592 2612; ppageno 0'>
   <div class='ocr_carea' id='block_1_1' title="bbox 142 117 1035 166">
    <p class='ocr_par' dir='ltr' id='par_1_1' title="bbox 142 117 1035 166">
     <span class='ocr_line' id='line_1_1' title="bbox 142 117 1035 166; baseline -0.016 1"><span class='ocrx_word' id='word_1_1' title='bbox 142 123 232 166; x_wconf 79' lang='grc'>200</span> <span class='ocrx_word' id='word_1_2' title='bbox 626 118 774 155; x_wconf 82' lang='lat' dir='ltr'>LIBER</span> <span class='ocrx_word' id='word_1_3' title='bbox 799 117 1035 155; x_wconf 87' lang='lat' dir='ltr'>OCTAVUS.</span> 
     </span>
    </p>
   </div>
   <div class='ocr_carea' id='block_1_2' title="bbox 109 187 1523 696">
    <p class='ocr_par' dir='ltr' id='par_1_2' title="bbox 421 187 1226 205">
     <span class='ocr_line' id='line_1_2' title="bbox 421 187 1226 205; baseline -0.002 2"><span class='ocrx_word' id='word_1_4' title='bbox 421 187 436 203; x_wconf 71' lang='lat'>0</span> <span class='ocrx_word' id='word_1_5' title='bbox 1223 201 1226 205; x_wconf 84' lang='lat'>.</span> 
     </span>
    </p>

    <p class='ocr_par' dir='ltr' id='par_1_3' title="bbox 109 217 1523 696">
     <span class='ocr_line' id='line_1_3' title="bbox 143 217 1520 275; baseline -0.004 -11"><span class='ocrx_word' id='word_1_6' title='bbox 143 235 327 265; x_wconf 88' lang='lat' dir='ltr'>meorum</span> <span class='ocrx_word' id='word_1_7' title='bbox 370 226 550 275; x_wconf 83' lang='lat' dir='ltr'>reportat</span> <span class='ocrx_word' id='word_1_8' title='bbox 591 219 805 274; x_wconf 78' lang='lat' dir='ltr'>obsequia3</span> <span class='ocrx_word' id='word_1_9' title='bbox 856 231 975 272; x_wconf 91' lang='lat' dir='ltr'>quem</span> <span class='ocrx_word' id='word_1_10' title='bbox 1021 217 1154 258; x_wconf 88' lang='lat' dir='ltr'>saltim</span> <span class='ocrx_word' id='word_1_11' title='bbox 1197 218 1372 259; x_wconf 89' lang='lat' dir='ltr'>iuvimus</span> <span class='ocrx_word' id='word_1_12' title='bbox 1415 223 1520 273; x_wconf 89' lang='lat' dir='ltr'>voto,</span> 
     </span>
     <span class='ocr_line' id='line_1_4' title="bbox 145 277 1521 337; baseline -0.004 -13"><span class='ocrx_word' id='word_1_13' title='bbox 145 285 239 337; x_wconf 91' lang='lat' dir='ltr'>quia</span> <span class='ocrx_word' id='word_1_14' title='bbox 265 296 309 323; x_wconf 91' lang='lat' dir='ltr'>re</span> <span class='ocrx_word' id='word_1_15' title='bbox 335 282 504 322; x_wconf 84' lang='lat' dir='ltr'>forsitan</span> <span class='ocrx_word' id='word_1_16' title='bbox 528 293 611 321; x_wconf 92' lang='lat' dir='ltr'>non</span> <span class='ocrx_word' id='word_1_17' title='bbox 635 279 825 320; x_wconf 85' lang='lat' dir='ltr'>valemus.</span> <span class='ocrx_word' id='word_1_18' title='bbox 876 291 950 332; x_wconf 90' lang='lat' dir='ltr'>per</span> <span class='ocrx_word' id='word_1_19' title='bbox 976 291 1095 331; x_wconf 87' lang='lat' dir='ltr'>quem</span> <span class='ocrx_word' id='word_1_20' title='bbox 1123 277 1292 319; x_wconf 87' lang='lat' dir='ltr'>obsecro</span> <span class='ocrx_word' id='word_1_21' title='bbox 1323 279 1521 333; x_wconf 91' lang='lat' dir='ltr'>impense,</span> 
     </span>
     <span class='ocr_line' id='line_1_5' title="bbox 143 337 1520 393; baseline -0.004 -9"><span class='ocrx_word' id='word_1_22' title='bbox 143 350 190 384; x_wconf 86' lang='lat' dir='ltr'>ut</span> <span class='ocrx_word' id='word_1_23' title='bbox 228 345 337 383; x_wconf 90' lang='lat' dir='ltr'>sitim</span> <span class='ocrx_word' id='word_1_24' title='bbox 373 346 552 382; x_wconf 87' lang='lat' dir='ltr'>nostram</span> <span class='ocrx_word' id='word_1_25' title='bbox 590 341 825 393; x_wconf 85' lang='lat' dir='ltr'>frequenter</span> <span class='ocrx_word' id='word_1_26' title='bbox 862 339 1009 379; x_wconf 89' lang='lat' dir='ltr'>litteris</span> <span class='ocrx_word' id='word_1_27' title='bbox 1047 338 1235 379; x_wconf 86' lang='lat' dir='ltr'>litteratis</span> <span class='ocrx_word' id='word_1_28' title='bbox 1274 337 1390 379; x_wconf 91' lang='lat' dir='ltr'>ambo</span> <span class='ocrx_word' id='word_1_29' title='bbox 1430 351 1520 392; x_wconf 85' lang='lat' dir='ltr'>ger-</span> 
     </span>
     <span class='ocr_line' id='line_1_6' title="bbox 144 397 1521 457; baseline -0.004 -13"><span class='ocrx_word' id='word_1_30' title='bbox 144 405 273 457; x_wconf 84' lang='lat' dir='ltr'>mani,</span> <span class='ocrx_word' id='word_1_31' title='bbox 304 408 349 443; x_wconf 92' lang='lat' dir='ltr'>tu</span> <span class='ocrx_word' id='word_1_32' title='bbox 380 402 650 454; x_wconf 88' lang='lat' dir='ltr'>frequentius,</span> <span class='ocrx_word' id='word_1_33' title='bbox 682 401 879 452; x_wconf 84' lang='lat' dir='ltr'>inrigetis.</span> <span class='ocrx_word' id='word_1_34' title='bbox 937 399 1007 439; x_wconf 92' lang='lat' dir='ltr'>sed</span> <span class='ocrx_word' id='word_1_35' title='bbox 1047 400 1082 439; x_wconf 90' lang='lat' dir='ltr'>si</span> <span class='ocrx_word' id='word_1_36' title='bbox 1113 397 1329 439; x_wconf 81' lang='lat' dir='ltr'><strong>difficultas</strong></span> <span class='ocrx_word' id='word_1_37' title='bbox 1360 399 1521 440; x_wconf 89' lang='lat' dir='ltr'>itineris</span> 
     </span>
     <span class='ocr_line' id='line_1_7' title="bbox 109 458 1523 515; baseline -0.004 -11"><span class='ocrx_word' id='word_1_38' title='bbox 109 476 127 503; x_wconf 83' lang='lat'><strong>5</strong></span> <span class='ocrx_word' id='word_1_39' title='bbox 146 464 322 504; x_wconf 83' lang='lat' dir='ltr'>intersiti</span> <span class='ocrx_word' id='word_1_40' title='bbox 359 461 527 502; x_wconf 86' lang='lat' dir='ltr'>resultat</span> <span class='ocrx_word' id='word_1_41' title='bbox 569 462 732 515; x_wconf 90' lang='lat' dir='ltr'>optatis,</span> <span class='ocrx_word' id='word_1_42' title='bbox 770 459 832 500; x_wconf 89' lang='lat' dir='ltr'>vel</span> <span class='ocrx_word' id='word_1_43' title='bbox 871 459 1112 512; x_wconf 81' lang='lat' dir='ltr'>aliquotiens</span> <span class='ocrx_word' id='word_1_44' title='bbox 1152 471 1226 512; x_wconf 87' lang='lat' dir='ltr'>pro</span> <span class='ocrx_word' id='word_1_45' title='bbox 1270 458 1523 512; x_wconf 83' lang='lat' dir='ltr'>supplicibus</span> 
     </span>
     <span class='ocr_line' id='line_1_8' title="bbox 146 518 1523 576; baseline -0.003 -13"><span class='ocrx_word' id='word_1_46' title='bbox 146 523 379 576; x_wconf 89' lang='lat' dir='ltr'>supplicate.</span> <span class='ocrx_word' id='word_1_47' title='bbox 436 523 564 562; x_wconf 85' lang='lat' dir='ltr'>maius</span> <span class='ocrx_word' id='word_1_48' title='bbox 599 525 661 561; x_wconf 89' lang='lat' dir='ltr'>est</span> <span class='ocrx_word' id='word_1_49' title='bbox 686 525 838 574; x_wconf 89' lang='lat' dir='ltr'>autem,</span> <span class='ocrx_word' id='word_1_50' title='bbox 871 521 906 560; x_wconf 93' lang='lat' dir='ltr'>si</span> <span class='ocrx_word' id='word_1_51' title='bbox 937 518 1055 559; x_wconf 90' lang='lat' dir='ltr'>nobis</span> <span class='ocrx_word' id='word_1_52' title='bbox 1086 518 1268 560; x_wconf 87' lang='lat' dir='ltr'>tribuere</span> <span class='ocrx_word' id='word_1_53' title='bbox 1300 519 1523 572; x_wconf 85' lang='lat' dir='ltr'>dignemini</span> 
     </span>
     <span class='ocr_line' id='line_1_9' title="bbox 143 579 1522 632; baseline -0.002 -9"><span class='ocrx_word' id='word_1_54' title='bbox 143 585 248 624; x_wconf 88' lang='lat' dir='ltr'>raris</span> <span class='ocrx_word' id='word_1_55' title='bbox 294 581 652 622; x_wconf 86' lang='lat' dir='ltr'>intercessionibus</span> <span class='ocrx_word' id='word_1_56' title='bbox 697 580 867 621; x_wconf 89' lang='lat' dir='ltr'>salutem</span> <span class='ocrx_word' id='word_1_57' title='bbox 911 591 1031 632; x_wconf 88' lang='lat' dir='ltr'>quam</span> <span class='ocrx_word' id='word_1_58' title='bbox 1073 581 1109 620; x_wconf 90' lang='lat' dir='ltr'>si</span> <span class='ocrx_word' id='word_1_59' title='bbox 1150 579 1305 620; x_wconf 84' lang='lat' dir='ltr'>crebris</span> <span class='ocrx_word' id='word_1_60' title='bbox 1337 579 1522 620; x_wconf 85' lang='lat' dir='ltr'>affatibus</span> 
     </span>
     <span class='ocr_line' id='line_1_10' title="bbox 146 639 1444 696; baseline -0.002 -13"><span class='ocrx_word' id='word_1_61' title='bbox 146 643 392 696; x_wconf 85' lang='lat' dir='ltr'>dignitatem.</span> <span class='ocrx_word' id='word_1_62' title='bbox 455 654 611 682; x_wconf 89' lang='lat' dir='ltr'>memor</span> <span class='ocrx_word' id='word_1_63' title='bbox 642 642 773 681; x_wconf 85' lang='lat' dir='ltr'>nostri</span> <span class='ocrx_word' id='word_1_64' title='bbox 805 653 894 681; x_wconf 90' lang='lat' dir='ltr'>esse</span> <span class='ocrx_word' id='word_1_65' title='bbox 926 639 1104 694; x_wconf 87' lang='lat' dir='ltr'>dignare,</span> <span class='ocrx_word' id='word_1_66' title='bbox 1137 640 1298 680; x_wconf 91' lang='lat' dir='ltr'>domine</span> <span class='ocrx_word' id='word_1_67' title='bbox 1330 652 1444 693; x_wconf 90' lang='lat' dir='ltr'>papa.</span> 
     </span>
    </p>
   </div>
   <div class='ocr_carea' id='block_1_3' title="bbox 238 817 1429 938">
    <p class='ocr_par' dir='ltr' id='par_1_4' title="bbox 238 817 1429 938">
     <span class='ocr_line' id='line_1_11' title="bbox 784 817 880 860; baseline 0 0"><span class='ocrx_word' id='word_1_68' title='bbox 784 817 880 860; x_wconf 92' lang='lat' dir='ltr'>XV.</span> 
     </span>
     <span class='ocr_line' id='line_1_12' title="bbox 238 899 1429 938; baseline -0.001 0"><span class='ocrx_word' id='word_1_69' title='bbox 238 901 465 938; x_wconf 79' lang='lat' dir='ltr'>SIDONIUS</span> <span class='ocrx_word' id='word_1_70' title='bbox 490 900 686 937; x_wconf 87' lang='lat' dir='ltr'>DOMINO</span> <span class='ocrx_word' id='word_1_71' title='bbox 713 900 875 937; x_wconf 89' lang='lat' dir='ltr'>PAPAE</span> <span class='ocrx_word' id='word_1_72' title='bbox 902 899 1158 937; x_wconf 85' lang='lat' dir='ltr'>PROSPERO</span> <span class='ocrx_word' id='word_1_73' title='bbox 1186 899 1429 937; x_wconf 86' lang='lat' dir='ltr'>SALUTEM.</span> 
     </span>
    </p>
   </div>
   <div class='ocr_carea' id='block_1_4' title="bbox 96 977 1532 2054">
    <p class='ocr_par' dir='ltr' id='par_1_5' title="bbox 96 977 1532 2054">
     <span class='ocr_line' id='line_1_13' title="bbox 96 977 1527 1032; baseline 0.001 -16"><span class='ocrx_word' id='word_1_74' title='bbox 96 991 131 1017; x_wconf 78' lang='grc' dir='ltr'>ιο</span> <span class='ocrx_word' id='word_1_75' title='bbox 243 977 279 1019; x_wconf 83' lang='lat'>1.</span> <span class='ocrx_word' id='word_1_76' title='bbox 312 978 414 1018; x_wconf 91' lang='lat' dir='ltr'>Dum</span> <span class='ocrx_word' id='word_1_77' title='bbox 434 977 618 1018; x_wconf 83' lang='lat' dir='ltr'>laudibus</span> <span class='ocrx_word' id='word_1_78' title='bbox 647 979 814 1017; x_wconf 90' lang='lat' dir='ltr'>summis</span> <span class='ocrx_word' id='word_1_79' title='bbox 842 982 1025 1018; x_wconf 89' lang='lat' dir='ltr'>sanctum</span> <span class='ocrx_word' id='word_1_80' title='bbox 1050 977 1289 1032; x_wconf 88' lang='lat' dir='ltr'>Annianum,</span> <span class='ocrx_word' id='word_1_81' title='bbox 1307 978 1527 1018; x_wconf 87' lang='lat' dir='ltr'>maximum</span> 
     </span>
     <span class='ocr_line' id='line_1_14' title="bbox 151 1036 1527 1092; baseline -0.001 -13"><span class='ocrx_word' id='word_1_82' title='bbox 151 1039 665 1090; x_wconf 79' lang='lat' dir='ltr'>consummatissimumque</span> <span class='ocrx_word' id='word_1_83' title='bbox 697 1038 948 1092; x_wconf 86' lang='lat' dir='ltr'>pontificem,</span> <span class='ocrx_word' id='word_1_84' title='bbox 985 1037 1097 1090; x_wconf 89' lang='lat' dir='ltr'>Lupo</span> <span class='ocrx_word' id='word_1_85' title='bbox 1136 1049 1275 1090; x_wconf 88' lang='lat' dir='ltr'>parem</span> <span class='ocrx_word' id='word_1_86' title='bbox 1306 1036 1527 1078; x_wconf 89' lang='lat' dir='ltr'>Germano-</span> 
     </span>
     <span class='ocr_line' id='line_1_15' title="bbox 153 1097 1526 1152; baseline -0.001 -13"><span class='ocrx_word' id='word_1_87' title='bbox 153 1111 230 1152; x_wconf 90' lang='lat' dir='ltr'>que</span> <span class='ocrx_word' id='word_1_88' title='bbox 277 1111 358 1139; x_wconf 91' lang='lat' dir='ltr'>non</span> <span class='ocrx_word' id='word_1_89' title='bbox 401 1100 614 1151; x_wconf 87' lang='lat' dir='ltr'>imparem,</span> <span class='ocrx_word' id='word_1_90' title='bbox 658 1099 717 1138; x_wconf 91' lang='lat' dir='ltr'>vis</span> <span class='ocrx_word' id='word_1_91' title='bbox 773 1097 969 1138; x_wconf 89' lang='lat' dir='ltr'>celebrari</span> <span class='ocrx_word' id='word_1_92' title='bbox 1013 1097 1272 1150; x_wconf 86' lang='lat' dir='ltr'>fideliumque</span> <span class='ocrx_word' id='word_1_93' title='bbox 1317 1097 1526 1138; x_wconf 86' lang='lat' dir='ltr'>desideras</span> 
     </span>
     <span class='ocr_line' id='line_1_16' title="bbox 150 1157 1527 1212; baseline -0.001 -13"><span class='ocrx_word' id='word_1_94' title='bbox 150 1158 382 1212; x_wconf 87' lang='lat' dir='ltr'>pectoribus</span> <span class='ocrx_word' id='word_1_95' title='bbox 414 1159 526 1210; x_wconf 85' lang='lat' dir='ltr'>infigi</span> <span class='ocrx_word' id='word_1_96' title='bbox 563 1159 639 1198; x_wconf 84' lang='lat' dir='ltr'>viri</span> <span class='ocrx_word' id='word_1_97' title='bbox 676 1157 767 1198; x_wconf 87' lang='lat' dir='ltr'>talis</span> <span class='ocrx_word' id='word_1_98' title='bbox 800 1171 844 1198; x_wconf 89' lang='lat' dir='ltr'>ac</span> <span class='ocrx_word' id='word_1_99' title='bbox 875 1159 978 1198; x_wconf 86' lang='lat' dir='ltr'>tanti</span> <span class='ocrx_word' id='word_1_100' title='bbox 1009 1170 1143 1198; x_wconf 87' lang='lat' dir='ltr'>mores</span> <span class='ocrx_word' id='word_1_101' title='bbox 1174 1158 1319 1198; x_wconf 85' lang='lat' dir='ltr'>merita</span> <span class='ocrx_word' id='word_1_102' title='bbox 1342 1158 1527 1212; x_wconf 85' lang='lat' dir='ltr'>virtutes,</span> 
     </span>
     <span class='ocr_line' id='line_1_17' title="bbox 153 1217 1526 1272; baseline -0.001 -13"><span class='ocrx_word' id='word_1_103' title='bbox 153 1220 219 1260; x_wconf 92' lang='lat' dir='ltr'>cui</span> <span class='ocrx_word' id='word_1_104' title='bbox 251 1220 369 1258; x_wconf 88' lang='lat' dir='ltr'>etiam</span> <span class='ocrx_word' id='word_1_105' title='bbox 402 1217 498 1258; x_wconf 92' lang='lat' dir='ltr'>illud</span> <span class='ocrx_word' id='word_1_106' title='bbox 531 1230 612 1258; x_wconf 92' lang='lat' dir='ltr'>non</span> <span class='ocrx_word' id='word_1_107' title='bbox 645 1218 794 1272; x_wconf 89' lang='lat' dir='ltr'>absque</span> <span class='ocrx_word' id='word_1_108' title='bbox 827 1219 982 1258; x_wconf 90' lang='lat' dir='ltr'>iustitia</span> <span class='ocrx_word' id='word_1_109' title='bbox 1014 1217 1165 1270; x_wconf 85' lang='lat' dir='ltr'>gloriae</span> <span class='ocrx_word' id='word_1_110' title='bbox 1192 1218 1321 1272; x_wconf 88' lang='lat' dir='ltr'>datur,</span> <span class='ocrx_word' id='word_1_111' title='bbox 1353 1218 1460 1271; x_wconf 91' lang='lat' dir='ltr'>quod</span> <span class='ocrx_word' id='word_1_112' title='bbox 1486 1222 1526 1258; x_wconf 90' lang='lat' dir='ltr'>te</span> 
     </span>
     <span class='ocr_line' id='line_1_18' title="bbox 97 1277 1528 1332; baseline 0 -14"><span class='ocrx_word' id='word_1_113' title='bbox 97 1291 131 1318; x_wconf 89' lang='lat'>15</span> <span class='ocrx_word' id='word_1_114' title='bbox 153 1291 386 1319; x_wconf 88' lang='lat' dir='ltr'>successore</span> <span class='ocrx_word' id='word_1_115' title='bbox 432 1278 622 1332; x_wconf 84' lang='lat' dir='ltr'>decessit,</span> <span class='ocrx_word' id='word_1_116' title='bbox 663 1291 854 1331; x_wconf 87' lang='lat' dir='ltr'>exegeras</span> <span class='ocrx_word' id='word_1_117' title='bbox 898 1278 1014 1332; x_wconf 87' lang='lat' dir='ltr'>mihi,</span> <span class='ocrx_word' id='word_1_118' title='bbox 1059 1282 1105 1318; x_wconf 93' lang='lat' dir='ltr'>ut</span> <span class='ocrx_word' id='word_1_119' title='bbox 1141 1279 1421 1331; x_wconf 85' lang='lat' dir='ltr'>promitterem</span> <span class='ocrx_word' id='word_1_120' title='bbox 1451 1277 1528 1318; x_wconf 89' lang='lat' dir='ltr'>tibi</span> 
     </span>
     <span class='ocr_line' id='line_1_19' title="bbox 152 1337 1529 1392; baseline -0.001 -13"><span class='ocrx_word' id='word_1_121' title='bbox 152 1338 295 1379; x_wconf 88' lang='lat' dir='ltr'>Attilae</span> <span class='ocrx_word' id='word_1_122' title='bbox 327 1338 477 1379; x_wconf 89' lang='lat' dir='ltr'>bellum</span> <span class='ocrx_word' id='word_1_123' title='bbox 505 1338 594 1378; x_wconf 91' lang='lat' dir='ltr'>stilo</span> <span class='ocrx_word' id='word_1_124' title='bbox 621 1351 685 1378; x_wconf 91' lang='lat' dir='ltr'>me</span> <span class='ocrx_word' id='word_1_125' title='bbox 711 1340 884 1392; x_wconf 87' lang='lat' dir='ltr'>posteris</span> <span class='ocrx_word' id='word_1_126' title='bbox 910 1339 1202 1392; x_wconf 77' lang='lat' dir='ltr'>intimaturum,</span> <span class='ocrx_word' id='word_1_127' title='bbox 1229 1350 1308 1391; x_wconf 92' lang='lat' dir='ltr'>quo</span> <span class='ocrx_word' id='word_1_128' title='bbox 1340 1337 1529 1379; x_wconf 85' lang='lat' dir='ltr'>videlicet</span> 
     </span>
     <span class='ocr_line' id='line_1_20' title="bbox 152 1398 1529 1453; baseline -0.001 -14"><span class='ocrx_word' id='word_1_129' title='bbox 152 1398 451 1439; x_wconf 86' lang='lat' dir='ltr'>Aurelianensis</span> <span class='ocrx_word' id='word_1_130' title='bbox 471 1398 584 1438; x_wconf 88' lang='lat' dir='ltr'>urbis</span> <span class='ocrx_word' id='word_1_131' title='bbox 605 1398 759 1439; x_wconf 92' lang='lat' dir='ltr'>obsidio</span> <span class='ocrx_word' id='word_1_132' title='bbox 781 1400 1035 1453; x_wconf 82' lang='lat' dir='ltr'>oppugnatio,</span> <span class='ocrx_word' id='word_1_133' title='bbox 1055 1399 1233 1452; x_wconf 88' lang='lat' dir='ltr'>inruptio</span> <span class='ocrx_word' id='word_1_134' title='bbox 1253 1411 1328 1439; x_wconf 89' lang='lat' dir='ltr'>nec</span> <span class='ocrx_word' id='word_1_135' title='bbox 1355 1398 1529 1452; x_wconf 90' lang='lat' dir='ltr'>direptio</span> 
     </span>
     <span class='ocr_line' id='line_1_21' title="bbox 155 1458 1528 1511; baseline 0 -12"><span class='ocrx_word' id='word_1_136' title='bbox 155 1464 195 1499; x_wconf 90' lang='lat' dir='ltr'>et</span> <span class='ocrx_word' id='word_1_137' title='bbox 226 1458 292 1498; x_wconf 86' lang='lat' dir='ltr'>illa</span> <span class='ocrx_word' id='word_1_138' title='bbox 324 1458 479 1511; x_wconf 85' lang='lat' dir='ltr'>vulgata</span> <span class='ocrx_word' id='word_1_139' title='bbox 513 1459 688 1499; x_wconf 88' lang='lat' dir='ltr'>exauditi</span> <span class='ocrx_word' id='word_1_140' title='bbox 714 1459 880 1499; x_wconf 90' lang='lat' dir='ltr'>caelitus</span> <span class='ocrx_word' id='word_1_141' title='bbox 915 1459 1137 1499; x_wconf 85' lang='lat' dir='ltr'>sacerdotis</span> <span class='ocrx_word' id='word_1_142' title='bbox 1169 1459 1399 1499; x_wconf 86' lang='lat' dir='ltr'>vaticinatio</span> <span class='ocrx_word' id='word_1_143' title='bbox 1433 1471 1528 1499; x_wconf 91' lang='lat' dir='ltr'>con-</span> 
     </span>
     <span class='ocr_line' id='line_1_22' title="bbox 154 1517 1527 1574; baseline 0.001 -16"><span class='ocrx_word' id='word_1_144' title='bbox 154 1518 367 1559; x_wconf 88' lang='lat' dir='ltr'>tinebatur.</span> <span class='ocrx_word' id='word_1_145' title='bbox 430 1517 469 1559; x_wconf 78' lang='lat'>2.</span> <span class='ocrx_word' id='word_1_146' title='bbox 503 1531 713 1572; x_wconf 90' lang='lat' dir='ltr'>coeperam</span> <span class='ocrx_word' id='word_1_147' title='bbox 745 1519 944 1574; x_wconf 79' lang='lat' dir='ltr'>scribere3</span> <span class='ocrx_word' id='word_1_148' title='bbox 978 1519 1047 1559; x_wconf 92' lang='lat' dir='ltr'>sed</span> <span class='ocrx_word' id='word_1_149' title='bbox 1080 1520 1215 1572; x_wconf 90' lang='lat' dir='ltr'>operis</span> <span class='ocrx_word' id='word_1_150' title='bbox 1242 1520 1394 1572; x_wconf 89' lang='lat' dir='ltr'>arrepti</span> <span class='ocrx_word' id='word_1_151' title='bbox 1418 1519 1527 1559; x_wconf 84' lang='lat' dir='ltr'>fasce</span> 
     </span>
     <span class='ocr_line' id='line_1_23' title="bbox 100 1577 1529 1634; baseline -0.001 -15"><span class='ocrx_word' id='word_1_152' title='bbox 100 1593 135 1619; x_wconf 85' lang='lat'>20</span> <span class='ocrx_word' id='word_1_153' title='bbox 154 1584 366 1632; x_wconf 89' lang='lat' dir='ltr'>perspecto</span> <span class='ocrx_word' id='word_1_154' title='bbox 410 1579 562 1618; x_wconf 89' lang='lat' dir='ltr'>taeduit</span> <span class='ocrx_word' id='word_1_155' title='bbox 605 1579 833 1634; x_wconf 69' lang='lat' dir='ltr'>inchoasse,</span> <span class='ocrx_word' id='word_1_156' title='bbox 876 1584 1043 1632; x_wconf 90' lang='lat' dir='ltr'>propter</span> <span class='ocrx_word' id='word_1_157' title='bbox 1083 1579 1160 1619; x_wconf 89' lang='lat' dir='ltr'>hoc</span> <span class='ocrx_word' id='word_1_158' title='bbox 1200 1577 1323 1619; x_wconf 89' lang='lat' dir='ltr'>nullis</span> <span class='ocrx_word' id='word_1_159' title='bbox 1362 1578 1529 1620; x_wconf 85' lang='lat' dir='ltr'>auribus</span> 
     </span>
     <span class='ocr_line' id='line_1_24' title="bbox 156 1638 1530 1694; baseline 0 -15"><span class='ocrx_word' id='word_1_160' title='bbox 156 1638 326 1692; x_wconf 85' lang='lat' dir='ltr'>credidi,</span> <span class='ocrx_word' id='word_1_161' title='bbox 365 1639 469 1691; x_wconf 90' lang='lat' dir='ltr'>quod</span> <span class='ocrx_word' id='word_1_162' title='bbox 502 1640 676 1691; x_wconf 83' lang='lat' dir='ltr'>primum</span> <span class='ocrx_word' id='word_1_163' title='bbox 711 1653 775 1679; x_wconf 91' lang='lat' dir='ltr'>me</span> <span class='ocrx_word' id='word_1_164' title='bbox 814 1652 980 1680; x_wconf 87' lang='lat' dir='ltr'>censore</span> <span class='ocrx_word' id='word_1_165' title='bbox 1014 1639 1304 1680; x_wconf 88' lang='lat' dir='ltr'>damnaveram.</span> <span class='ocrx_word' id='word_1_166' title='bbox 1356 1638 1530 1694; x_wconf 84' lang='lat' dir='ltr'>dabitur,</span> 
     </span>
     <span class='ocr_line' id='line_1_25' title="bbox 156 1701 1531 1754; baseline 0.001 -16"><span class='ocrx_word' id='word_1_167' title='bbox 156 1704 201 1738; x_wconf 91' lang='lat' dir='ltr'>ut</span> <span class='ocrx_word' id='word_1_168' title='bbox 240 1710 375 1752; x_wconf 90' lang='lat' dir='ltr'>spero,</span> <span class='ocrx_word' id='word_1_169' title='bbox 413 1701 594 1751; x_wconf 88' lang='lat' dir='ltr'>precatui</span> <span class='ocrx_word' id='word_1_170' title='bbox 637 1704 705 1739; x_wconf 87' lang='lat' dir='ltr'>tuo</span> <span class='ocrx_word' id='word_1_171' title='bbox 745 1705 785 1740; x_wconf 91' lang='lat' dir='ltr'>et</span> <span class='ocrx_word' id='word_1_172' title='bbox 822 1701 978 1740; x_wconf 87' lang='lat' dir='ltr'>meritis</span> <span class='ocrx_word' id='word_1_173' title='bbox 1012 1701 1203 1740; x_wconf 90' lang='lat' dir='ltr'>antistitis</span> <span class='ocrx_word' id='word_1_174' title='bbox 1236 1701 1401 1754; x_wconf 91' lang='lat' dir='ltr'>summi,</span> <span class='ocrx_word' id='word_1_175' title='bbox 1434 1711 1531 1752; x_wconf 91' lang='lat' dir='ltr'>qua-</span> 
     </span>
     <span class='ocr_line' id='line_1_26' title="bbox 156 1758 1530 1813; baseline 0 -15"><span class='ocrx_word' id='word_1_176' title='bbox 156 1764 273 1799; x_wconf 90' lang='lat' dir='ltr'>tenus</span> <span class='ocrx_word' id='word_1_177' title='bbox 318 1760 532 1811; x_wconf 89' lang='lat' dir='ltr'>praeconio</span> <span class='ocrx_word' id='word_1_178' title='bbox 578 1771 649 1799; x_wconf 91' lang='lat' dir='ltr'>suo</span> <span class='ocrx_word' id='word_1_179' title='bbox 692 1759 765 1800; x_wconf 93' lang='lat' dir='ltr'>sub</span> <span class='ocrx_word' id='word_1_180' title='bbox 811 1773 1062 1813; x_wconf 88' lang='lat' dir='ltr'>quacumque</span> <span class='ocrx_word' id='word_1_181' title='bbox 1113 1764 1154 1800; x_wconf 89' lang='lat' dir='ltr'>et</span> <span class='ocrx_word' id='word_1_182' title='bbox 1198 1759 1362 1813; x_wconf 87' lang='lat' dir='ltr'>quidem</span> <span class='ocrx_word' id='word_1_183' title='bbox 1405 1758 1530 1800; x_wconf 89' lang='lat' dir='ltr'>celeri</span> 
     </span>
     <span class='ocr_line' id='line_1_27' title="bbox 158 1818 1530 1860; baseline 0.001 -2"><span class='ocrx_word' id='word_1_184' title='bbox 158 1820 366 1859; x_wconf 86' lang='lat' dir='ltr'>occasione</span> <span class='ocrx_word' id='word_1_185' title='bbox 407 1818 656 1859; x_wconf 86' lang='lat' dir='ltr'>famulemur.</span> <span class='ocrx_word' id='word_1_186' title='bbox 720 1825 898 1860; x_wconf 88' lang='lat' dir='ltr'>ceterum</span> <span class='ocrx_word' id='word_1_187' title='bbox 935 1825 979 1860; x_wconf 91' lang='lat' dir='ltr'>tu</span> <span class='ocrx_word' id='word_1_188' title='bbox 1018 1820 1195 1860; x_wconf 89' lang='lat' dir='ltr'>creditor</span> <span class='ocrx_word' id='word_1_189' title='bbox 1232 1821 1363 1860; x_wconf 89' lang='lat' dir='ltr'>iustus</span> <span class='ocrx_word' id='word_1_190' title='bbox 1394 1818 1530 1860; x_wconf 88' lang='lat' dir='ltr'>lauda-</span> 
     </span>
     <span class='ocr_line' id='line_1_28' title="bbox 104 1878 1532 1934; baseline 0.001 -16"><span class='ocrx_word' id='word_1_191' title='bbox 104 1894 138 1919; x_wconf 84' lang='lat'>25</span> <span class='ocrx_word' id='word_1_192' title='bbox 157 1878 294 1918; x_wconf 87' lang='lat' dir='ltr'>biliter</span> <span class='ocrx_word' id='word_1_193' title='bbox 325 1878 401 1918; x_wconf 93' lang='lat' dir='ltr'>hoc</span> <span class='ocrx_word' id='word_1_194' title='bbox 433 1879 725 1930; x_wconf 86' lang='lat' dir='ltr'>imprudentiae</span> <span class='ocrx_word' id='word_1_195' title='bbox 758 1882 962 1920; x_wconf 86' lang='lat' dir='ltr'>temerarii</span> <span class='ocrx_word' id='word_1_196' title='bbox 995 1880 1190 1920; x_wconf 90' lang='lat' dir='ltr'>debitoris</span> <span class='ocrx_word' id='word_1_197' title='bbox 1216 1879 1450 1934; x_wconf 88' lang='lat' dir='ltr'>indulseris,</span> <span class='ocrx_word' id='word_1_198' title='bbox 1476 1884 1532 1932; x_wconf 91' lang='lat' dir='ltr'>ut,</span> 
     </span>
     <span class='ocr_line' id='line_1_29' title="bbox 158 1938 1532 1994; baseline 0.001 -15"><span class='ocrx_word' id='word_1_199' title='bbox 158 1939 264 1991; x_wconf 87' lang='lat' dir='ltr'>quod</span> <span class='ocrx_word' id='word_1_200' title='bbox 296 1938 396 1978; x_wconf 89' lang='lat' dir='ltr'>mihi</span> <span class='ocrx_word' id='word_1_201' title='bbox 427 1938 639 1978; x_wconf 88' lang='lat' dir='ltr'>insolubile</span> <span class='ocrx_word' id='word_1_202' title='bbox 684 1940 857 1994; x_wconf 85' lang='lat' dir='ltr'>videtur,</span> <span class='ocrx_word' id='word_1_203' title='bbox 895 1940 970 1980; x_wconf 91' lang='lat' dir='ltr'>tibi</span> <span class='ocrx_word' id='word_1_204' title='bbox 1010 1953 1168 1993; x_wconf 89' lang='lat' dir='ltr'>quoque</span> <span class='ocrx_word' id='word_1_205' title='bbox 1207 1940 1390 1980; x_wconf 90' lang='lat' dir='ltr'>videatur</span> <span class='ocrx_word' id='word_1_206' title='bbox 1421 1941 1532 1980; x_wconf 88' lang='lat' dir='ltr'>inre-</span> 
     </span>
     <span class='ocr_line' id='line_1_30' title="bbox 157 1998 1410 2054; baseline 0.002 -16"><span class='ocrx_word' id='word_1_207' title='bbox 157 1998 364 2052; x_wconf 88' lang='lat' dir='ltr'>poscibile.</span> <span class='ocrx_word' id='word_1_208' title='bbox 421 2010 575 2038; x_wconf 85' lang='lat' dir='ltr'>memor</span> <span class='ocrx_word' id='word_1_209' title='bbox 606 2001 736 2039; x_wconf 90' lang='lat' dir='ltr'>nostri</span> <span class='ocrx_word' id='word_1_210' title='bbox 768 2012 856 2039; x_wconf 88' lang='lat' dir='ltr'>esse</span> <span class='ocrx_word' id='word_1_211' title='bbox 890 2000 1071 2054; x_wconf 82' lang='lat' dir='ltr'>dignare,</span> <span class='ocrx_word' id='word_1_212' title='bbox 1105 2001 1265 2040; x_wconf 90' lang='lat' dir='ltr'>domine</span> <span class='ocrx_word' id='word_1_213' title='bbox 1296 2012 1410 2053; x_wconf 86' lang='lat' dir='ltr'>papa.</span> 
     </span>
    </p>
   </div>
   <div class='ocr_carea' id='block_1_5' title="bbox 159 2124 1539 2270">
    <p class='ocr_par' dir='ltr' id='par_1_6' title="bbox 159 2124 1539 2270">
     <span class='ocr_line' id='line_1_31' title="bbox 257 2124 1532 2173; baseline -0.001 -11"><span class='ocrx_word' id='word_1_214' title='bbox 257 2130 278 2162; x_wconf 90' lang='grc'><strong>6</strong></span> <span class='ocrx_word' id='word_1_215' title='bbox 304 2124 414 2161; x_wconf 86' lang='lat' dir='ltr'>nobis</span> <span class='ocrx_word' id='word_1_216' title='bbox 441 2126 519 2161; x_wconf 84' lang='lat' dir='ltr'>LT</span> <span class='ocrx_word' id='word_1_217' title='bbox 542 2131 575 2162; x_wconf 83' lang='lat' dir='ltr'>et</span> <span class='ocrx_word' id='word_1_218' title='bbox 600 2127 642 2162; x_wconf 72' lang='lat' dir='ltr'>in</span> <span class='ocrx_word' id='word_1_219' title='bbox 666 2138 739 2163; x_wconf 73' lang='lat' dir='ltr'>ras.</span> <span class='ocrx_word' id='word_1_220' title='bbox 761 2127 835 2173; x_wconf 50' lang='grc' dir='ltr'>ΜΞ,</span> <span class='ocrx_word' id='word_1_221' title='bbox 866 2127 976 2162; x_wconf 83' lang='lat' dir='ltr'>bonis</span> <span class='ocrx_word' id='word_1_222' title='bbox 1005 2128 1036 2164; x_wconf 82' lang='grc' dir='ltr'><em>Ο</em></span> <span class='ocrx_word' id='word_1_223' title='bbox 1058 2132 1091 2164; x_wconf 78' lang='lat' dir='ltr'>et</span> <span class='ocrx_word' id='word_1_224' title='bbox 1115 2133 1158 2165; x_wconf 80' lang='lat' dir='ltr'>ut</span> <span class='ocrx_word' id='word_1_225' title='bbox 1182 2141 1214 2165; x_wconf 86' lang='lat' dir='ltr'>v.</span> <span class='ocrx_word' id='word_1_226' title='bbox 1242 2127 1300 2173; x_wconf 89' lang='lat' dir='ltr'>M,</span> <span class='ocrx_word' id='word_1_227' title='bbox 1332 2126 1394 2163; x_wconf 82' lang='lat' dir='ltr'>vel</span> <span class='ocrx_word' id='word_1_228' title='bbox 1419 2125 1532 2163; x_wconf 87' lang='lat' dir='ltr'>nobis</span> 
     </span>
     <span class='ocr_line' id='line_1_32' title="bbox 159 2174 1539 2220; baseline 0.001 -10"><span class='ocrx_word' id='word_1_229' title='bbox 159 2179 202 2210; x_wconf 79' lang='lat' dir='ltr'>ut</span> <span class='ocrx_word' id='word_1_230' title='bbox 226 2187 259 2211; x_wconf 83' lang='grc' dir='ltr'>υ.</span> <span class='ocrx_word' id='word_1_231' title='bbox 285 2185 311 2211; x_wconf 87' lang='lat' dir='ltr'>s.</span> <span class='ocrx_word' id='word_1_232' title='bbox 340 2174 361 2210; x_wconf 86' lang='lat' dir='ltr'>l.</span> <span class='ocrx_word' id='word_1_233' title='bbox 390 2174 475 2210; x_wconf 79' lang='lat' dir='ltr'>add.</span> <span class='ocrx_word' id='word_1_234' title='bbox 496 2174 572 2219; x_wconf 67' lang='lat'>111¹,</span> <span class='ocrx_word' id='word_1_235' title='bbox 596 2186 688 2211; x_wconf 74' lang='lat' dir='ltr'>eras.</span> <span class='ocrx_word' id='word_1_236' title='bbox 710 2175 773 2210; x_wconf 50' lang='grc' dir='ltr'>ΜΔ</span> <span class='ocrx_word' id='word_1_237' title='bbox 804 2177 816 2218; x_wconf 77' lang='lat' dir='ltr'>n</span> <span class='ocrx_word' id='word_1_238' title='bbox 849 2178 893 2210; x_wconf 89' lang='lat'>10</span> <span class='ocrx_word' id='word_1_239' title='bbox 920 2175 1126 2211; x_wconf 80' lang='lat' dir='ltr'>annianum</span> <span class='ocrx_word' id='word_1_240' title='bbox 1153 2176 1247 2220; x_wconf 84' lang='lat' dir='ltr'>LN,</span> <span class='ocrx_word' id='word_1_241' title='bbox 1280 2174 1461 2211; x_wconf 78' lang='lat' dir='ltr'>anianum</span> <span class='ocrx_word' id='word_1_242' title='bbox 1487 2174 1539 2210; x_wconf 91' lang='lat' dir='ltr'><em>M</em></span> 
     </span>
     <span class='ocr_line' id='line_1_33' title="bbox 162 2222 1278 2270; baseline 0.002 -11"><span class='ocrx_word' id='word_1_243' title='bbox 162 2223 233 2259; x_wconf 80' lang='lat' dir='ltr'>CT</span> <span class='ocrx_word' id='word_1_244' title='bbox 249 2223 261 2269; x_wconf 70' lang='lat' dir='ltr'>ll</span> <span class='ocrx_word' id='word_1_245' title='bbox 281 2226 325 2258; x_wconf 79' lang='lat'>22</span> <span class='ocrx_word' id='word_1_246' title='bbox 353 2223 392 2257; x_wconf 82' lang='lat' dir='ltr'>et</span> <span class='ocrx_word' id='word_1_247' title='bbox 416 2233 484 2258; x_wconf 84' lang='lat' dir='ltr'>om.</span> <span class='ocrx_word' id='word_1_248' title='bbox 508 2222 561 2267; x_wconf 79' lang='lat' dir='ltr'>Ol</span> <span class='ocrx_word' id='word_1_249' title='bbox 584 2224 769 2267; x_wconf 85' lang='lat' dir='ltr'>quatenus</span> <span class='ocrx_word' id='word_1_250' title='bbox 796 2223 889 2270; x_wconf 88' lang='lat' dir='ltr'>LN,</span> <span class='ocrx_word' id='word_1_251' title='bbox 917 2224 1097 2268; x_wconf 81' lang='lat' dir='ltr'>quatinus</span> <span class='ocrx_word' id='word_1_252' title='bbox 1124 2224 1278 2270; x_wconf 83' lang='lat' dir='ltr'><strong><em>MOTn</em></strong></span> 
     </span>
    </p>
   </div>
  </div>
 </body>
</html>
