1592 2612
371 119 603 157 SIDONIUS
628 89 793 157 PROBO
821 119 915 157 SUO
944 119 1188 157 SALUTEM.
1423 119 1479 163 71

82 222 312 278 plausibile,
351 222 532 276 sophista
565 224 718 263 serium
751 223 1099 276 epigrammatista
1130 222 1337 278 lascivum,
1372 235 1480 263 com-

81 288 286 325 mentator
310 283 491 324 lucidum
517 283 832 324 iurisconsultus
860 283 1081 324 obscurum
1100 283 1363 325 multifariam
1383 296 1479 324 con-

82 345 292 399 diderunt,
337 343 379 384 id
418 349 459 384 te
499 344 754 385 omnifariam
793 344 985 398 singulis,
1030 346 1113 385 nisi
1157 346 1224 386 cui
1269 346 1480 398 ingenium

78 405 244 459 sibique
285 406 378 458 quis
417 404 565 459 defuit,
610 403 859 446 tradidisse?
909 405 1010 446 deus
1049 405 1177 446 bone!
1236 419 1357 459 quam
1399 406 1479 446 sibi

77 465 175 507 hinc
198 469 355 519 ,patres
399 467 531 506 nostri
578 465 872 519 gloriabantur,
919 479 1012 507 cum
1056 466 1241 507 viderent
1284 466 1359 508 sub
1399 479 1475 520 ope
1513 482 1533 509 5

77 526 234 568 Christi
258 531 299 567 te
325 526 472 567 docere
493 539 628 581 posse,
654 539 719 567 me
748 527 920 580 discere,
946 532 987 567 et
1012 539 1095 567 non
1116 527 1248 568 solum
1273 533 1313 568 te
1341 528 1474 569 facere

77 587 189 641 quod
220 599 364 641 posses
397 587 469 627 sed
502 592 543 627 et
574 586 676 627 velle
709 588 819 640 quod
852 588 1008 628 faceres
1041 588 1216 642 ideoque
1249 594 1289 628 te
1322 588 1475 629 bonum

74 660 159 688 non
195 649 332 688 minus
371 660 492 700 quam
530 649 707 701 peritum
749 648 1023 701 pronuntiari!
1087 647 1127 689 3.
1167 654 1208 689 et
1240 662 1334 690 vere
1366 651 1474 690 intra

73 707 326 750 Eusebianos
371 707 478 749 lares
522 708 664 749 talium
710 714 750 749 te
797 709 995 762 quaedam
1034 714 1196 750 moneta
1235 718 1474 764 susceperat

73 769 400 823 disciplinarum,
446 771 562 810 cuius
606 769 887 823 philosophica
932 770 1080 811 incude
1123 771 1320 811 formatus
1358 784 1468 812 nunc
1489 787 1527 813 10

72 831 205 870 varias
237 829 354 870 nobis
386 842 526 870 rerum
558 842 874 883 sermonumque
900 832 1082 871 rationes
1111 833 1201 884 ipso
1230 833 1364 886 etiam,
1398 834 1470 885 qui

72 890 283 944 docuerat,
326 890 525 943 probante
562 891 789 945 paudebas,
828 904 937 932 nunc
975 897 1021 932 ut
1059 891 1201 932 Platon
1241 892 1466 946 discipulus

71 952 153 992 iam
189 963 327 1004 prope,
353 952 487 1004 potior
526 951 600 991 sub
641 951 825 1006 Socrate,
870 953 929 992 sic
969 954 1048 993 iam
1087 958 1132 992 tu
1172 953 1247 993 sub
1287 953 1466 994 Eusebio

68 1016 211 1052 nostro
242 1013 351 1052 inter
375 1011 652 1052 Aristotelicas
679 1014 903 1066 categorias
930 1013 1076 1054 artifex
1102 1013 1340 1054 dialecticus
1367 1016 1465 1055 atti-

70 1071 262 1127 cissabas,
294 1085 387 1113 cum
419 1071 486 1113 ille
513 1072 644 1113 adhuc
676 1073 892 1114 aetatulam
917 1078 1100 1114 nostram
1127 1074 1318 1115 mobilem
1345 1080 1458 1116 tene·
1480 1090 1516 1117 15

67 1145 156 1173 ram
182 1133 350 1174 crudam
374 1133 494 1173 modo
521 1134 777 1186 castigatoria
804 1136 1017 1175 severitate
1044 1135 1302 1189 decoqueret,
1335 1136 1457 1176 modo

68 1193 351 1234 mandatorum
395 1193 630 1235 salubritate
675 1194 869 1235 condiret.
938 1193 979 1236 4.
1022 1200 1062 1235 at
1106 1195 1305 1249 qualium,
1356 1196 1457 1237 deus

66 1253 187 1308 bone,
218 1266 418 1308 quamque
445 1256 730 1309 pretiosorum,
756 1268 858 1308 quae
886 1257 921 1295 si
947 1257 1039 1309 quis
1066 1256 1300 1309 deportaret
1325 1257 1456 1310 philo-

68 1315 314 1368 sophaturus
346 1320 414 1355 aut
445 1315 495 1356 ad
530 1315 777 1368 paludicolas
810 1316 1052 1369 Sygambros
1086 1322 1154 1357 aut
1186 1317 1234 1357 ad
1268 1317 1455 1359 Caucasi-

66 1387 190 1428 genas
221 1375 395 1416 Halanos
427 1381 496 1416 aut
526 1376 575 1416 ad
602 1376 854 1430 equimulgas
881 1376 1068 1432 Gelonos,
1100 1377 1332 1418 bestialium
1357 1380 1454 1432 rigi·
1474 1394 1511 1421 20

68 1435 293 1488 darumque
319 1438 528 1476 nationum
555 1437 677 1477 corda
703 1450 851 1478 cornea
876 1438 1083 1492 fibraeque
1104 1438 1293 1491 glaciales
1312 1439 1457 1492 procul

66 1495 190 1536 dubio
228 1496 508 1537 emollirentur
546 1497 846 1550 egelidarentur
883 1511 1014 1551 neque
1058 1498 1222 1539 illorum
1261 1500 1455 1540 ferociam

66 1555 429 1611 stoliditatemque,
473 1570 575 1610 quae
621 1558 844 1599 secundum
887 1558 1027 1599 beluas
1069 1561 1215 1612 ineptit
1255 1559 1455 1601 brutescit

65 1617 326 1671 accenditur,
375 1617 603 1667 rideremus
654 1623 1007 1660 contemneremus
1057 1622 1452 1672 pertimesceremus

64 1675 106 1718 5.
138 1679 265 1730 igitur
296 1679 390 1731 quia
415 1690 490 1718 nos
517 1683 562 1719 ut
587 1679 761 1719 affinitas
787 1681 843 1719 ita
870 1680 1003 1720 studia
1029 1681 1261 1735 iunxerunt,
1293 1694 1450 1735 precor,
1471 1697 1507 1724 25

66 1750 228 1792 quoquo
254 1738 334 1779 loci
360 1751 416 1793 es,
442 1740 642 1779 amicitiae
668 1741 757 1780 iura
783 1741 1025 1781 inconcussa
1045 1740 1248 1781 custodias
1268 1741 1453 1795 longum-

65 1811 144 1852 que
170 1799 246 1839 tibi
275 1801 353 1840 etsi
379 1799 475 1840 sede
502 1799 706 1854 absumus,
733 1800 913 1841 adsimus
939 1801 1104 1855 affectu,
1137 1803 1255 1842 cuius
1281 1804 1452 1843 inteme-

64 1864 174 1900 ratae
206 1865 342 1912 partes
375 1865 571 1913 quantum
603 1865 774 1915 spectat,
807 1874 829 1901 a
861 1861 979 1902 nobis
1011 1863 1054 1902 in
1087 1874 1246 1916 aevum,
1281 1864 1317 1903 si
1343 1863 1451 1916 quod

62 1925 127 1960 est
157 1921 260 1960 vitae
294 1920 515 1975 reliquum,
548 1921 894 1974 perennabuntur.
946 1922 1044 1963 vale.

164 2051 183 2084 1
212 2047 549 2095 epigrammatista
568 2049 823 2096 Duetjohann,
848 2050 1140 2097 epigrammista
1162 2052 1267 2088 codd.
1287 2053 1299 2098 Ι]
1320 2055 1341 2088 5
1367 2051 1452 2098 glo-

62 2094 282 2145 riabantur]
303 2096 601 2143 gratulabantur
620 2098 882 2145 Luetjohann‚·
902 2101 948 2144 cf.
969 2111 1024 2147 ep.
1049 2099 1139 2145 VH,
1152 2102 1212 2145 14,
1226 2103 1248 2135 1
1268 2102 1281 2145 ΙΙ
1301 2105 1321 2136 7
1350 2101 1452 2146 quod

63 2143 212 2181 faceres
238 2144 338 2181 velle
366 2145 399 2182 Ο
417 2146 431 2192 Ι
455 2148 501 2181 28
529 2157 553 2182 a.
576 2146 688 2182 nobis
714 2147 803 2183 LN
805 2147 857 2183 M
861 2148 938 2192 GT,
971 2148 1021 2184 ad
1046 2159 1114 2184 nos
1145 2148 1199 2191 F;
1232 2148 1283 2184 ad
1309 2160 1394 2192 vos,
1428 2161 1452 2185 a.

62 2192 176 2229 nobis
202 2193 462 2240 Imetjohann;
487 2206 539 2231 an
566 2195 615 2230 ad
641 2206 721 2240 1108,
749 2195 883 2232 vobis?
906 2198 911 2242 Ι
934 2196 1036 2242 quod
1056 2196 1191 2242 LNC,
1219 2197 1313 2242 quid
1338 2198 1450 2246 MT51
