1592 2612
357 118 588 170 SIDONIUS
612 132 883 171 PHILAGRIO
910 132 1003 170 SUO
1029 132 1275 170 SALUTEM.
1426 134 1514 177 165

120 236 408 278 necessitatem
450 233 635 274 vultuum
677 247 793 288 mage
839 247 959 288 quam
1006 248 1168 276 morum
1198 235 1512 289 praedicatores.

123 295 164 339 3.
215 295 406 350 equidem
456 296 493 335 si
540 294 717 336 humana
768 294 991 336 substantia
1043 297 1196 337 rectius
1237 295 1343 336 mole
1388 308 1508 349 quam

120 362 259 398 mente
299 355 503 398 censenda
547 360 628 409 est,
671 355 893 410 plurimum
937 358 1099 411 ignoro,
1144 356 1240 410 quid
1286 356 1512 406 secundum

121 417 416 472 corpulentiam
470 428 546 469 per
602 418 730 470 spatia
781 419 965 470 quamvis
1016 422 1204 470 porrecta
1255 416 1418 458 finalem
1469 419 1511 458 in

121 478 286 520 homine
312 479 523 531 miremur,
555 489 635 529 quo
666 477 769 518 nihil
801 490 927 530 aeque
960 480 1157 518 miserum
1189 477 1511 531 destitutumque
1550 488 1568 515 5

119 538 316 581 nascendi
346 537 531 579 condicio
557 538 767 592 produxit3
794 539 944 592 quippe
971 551 1063 579 cum
1088 538 1282 591 praebeat
1306 543 1511 592 tamquam

121 600 171 641 ab
203 599 372 641 adverso
402 597 496 638 bovi
521 597 647 653 pilus,
680 611 777 652 apro
811 604 932 654 saeta,
964 599 1119 640 volucri
1150 599 1288 652 pluma
1318 601 1510 640 vestitum

122 656 292 716 (quibus
322 661 510 712 insuper,
550 663 596 699 ut
626 660 708 700 vim
739 659 803 700 vel
834 660 1011 700 inferant
1041 659 1104 700 vel
1136 659 1351 714 repellant,
1383 673 1512 700 cornu

121 722 222 762 dens
264 720 415 773 unguis
459 731 570 759 arma
612 722 786 773 genuina
831 716 967 776 sunt),
1008 720 1190 760 membra
1234 733 1330 761 vero
1371 726 1510 761 nostra

119 784 164 822 in
188 782 298 822 hunc
329 779 526 821 mundum
559 780 643 821 sola
676 793 843 821 censeas
875 782 1022 835 eiecta,
1053 793 1136 821 non
1168 781 1293 835 edita3
1336 794 1510 835 cumque
1531 793 1567 820 ιο

120 841 335 896 gignendis
377 840 534 881 artibus
572 841 807 882 animalium
845 846 1075 882 ceterorum
1114 841 1334 882 multifario
1366 847 1511 882 natura

119 902 325 957 praesidio
376 902 493 954 quasi
544 902 740 953 quaedam
791 903 886 943 sinu
934 907 1097 956 patente
1141 907 1271 943 mater
1312 908 1511 956 occurrat,

119 964 295 1004 humana
325 967 483 1003 tantum
515 973 685 1016 corpora
718 962 877 1016 effudit,
918 975 1093 1016 quorum
1124 962 1380 1004 inbecillitati
1412 976 1510 1016 quo-

120 1023 333 1065 dammodo
365 1028 666 1064 novercaretur.
728 1020 769 1063 4.
810 1036 903 1063 nam
937 1023 1055 1078 illud,
1088 1025 1210 1064 sicuti
1241 1036 1315 1077 ego
1348 1036 1509 1078 cense0‚

119 1086 191 1138 qui
222 1085 403 1125 animum
442 1087 558 1123 tuum
602 1083 796 1124 membris
841 1084 944 1124 duco
988 1085 1207 1138 potiorem⁷
1257 1097 1340 1124 non
1389 1083 1510 1125 habet
1530 1093 1567 1121 15

118 1144 420 1199 aequalitatem,
462 1144 569 1196 quod
611 1149 759 1185 statum
800 1149 987 1185 nostrum
1038 1157 1160 1198 supra
1203 1145 1382 1198 pecudes
1423 1147 1511 1185 veri

118 1205 291 1259 falsique
335 1205 495 1245 nescias
541 1206 796 1245 ratiocinatio
840 1207 998 1246 animae
1039 1205 1324 1246 intellectualis
1358 1207 1509 1260 evexit3

120 1268 237 1307 cuius
271 1267 307 1306 si
338 1266 538 1318 tantisper
565 1271 844 1306 summoveant
876 1266 1114 1319 dignitatem
1146 1267 1229 1320 isti,
1261 1268 1332 1319 qui
1357 1268 1509 1307 amicos

119 1325 412 1368 ludificabundi
442 1337 525 1365 non
556 1331 639 1366 tam
671 1326 918 1367 iudicialiter
951 1339 1071 1380 quam
1098 1326 1316 1367 oculariter
1348 1329 1509 1368 intuen-

117 1393 199 1442 tur,
231 1387 368 1427 dicant
397 1385 538 1441 velim,
576 1388 618 1427 in
655 1387 833 1427 hominis
865 1387 994 1427 forma
1027 1387 1124 1440 quid
1156 1389 1254 1428 satis
1285 1393 1508 1442 praestans,
1529 1398 1565 1425 20

120 1447 218 1501 quid
263 1445 482 1500 spectabile
523 1452 678 1500 putent.
743 1447 782 1488 5.
832 1446 1204 1500 proceritatemne?
1261 1450 1378 1501 quasi
1426 1460 1508 1488 non

118 1509 219 1549 haec
240 1519 359 1560 saepe
381 1509 672 1559 congruentius
698 1507 882 1548 trabibus
909 1513 1081 1561 aptetur.
1127 1520 1178 1547 an
1198 1506 1508 1549 fortitudinem?

119 1581 223 1622 quae
255 1567 452 1608 valentior
483 1569 526 1608 in
557 1567 742 1608 leoninae
775 1569 945 1608 cervicis
977 1569 1078 1608 toris
1111 1574 1264 1621 regnat.
1310 1582 1362 1609 an
1388 1569 1507 1609 deco-

118 1642 207 1670 rem
239 1626 597 1669 liniamentorum‘?
629 1640 750 1681 quem
782 1627 925 1668 crebro
952 1627 1099 1669 melius
1131 1629 1263 1681 infigit
1294 1634 1335 1669 et
1367 1629 1507 1682 argilla

119 1688 349 1730 simulacris
381 1693 422 1728 et
452 1701 547 1729 cera
578 1690 762 1742 picturis.
795 1702 846 1728 an
878 1687 1164 1728 velocitatem?
1210 1702 1311 1741 quae
1345 1702 1505 1743 compe·
1526 1700 1563 1728 25

116 1752 270 1791 tentius
302 1748 470 1790 canibus
503 1749 758 1790 adscribitur.
816 1761 867 1789 an
898 1747 1176 1802 vigilantiam?
1208 1751 1274 1789 cui
1306 1755 1434 1790 certat
1466 1755 1507 1790 et

117 1816 276 1852 noctua.
310 1822 360 1850 an
392 1808 562 1850 vocem?
612 1811 678 1850 cui
718 1822 799 1850 non
839 1811 1011 1850 cesserit
1042 1811 1180 1850 asinus
1213 1809 1404 1850 claritate.
1456 1823 1507 1851 an

117 1868 390 1912 industriam?
440 1872 507 1911 cui
545 1883 619 1923 pro
658 1883 731 1910 suo
770 1870 933 1910 modulo
973 1871 1200 1923 comparari
1231 1882 1306 1910 nec
1339 1871 1507 1911 formica

118 1932 317 1973 formidat.
382 1929 421 1972 6.
474 1931 545 1971 sed
584 1931 754 1971 forsitan
795 1931 1030 1984 praeferunt
1062 1932 1143 1970 vim
1174 1930 1356 1971 videndi:
1401 1936 1501 1971 tam-

118 2005 238 2047 quam
284 2004 366 2032 non
417 1993 470 2031 sit
521 1993 764 2032 eminentior
813 1993 925 2032 visus
970 1990 1207 2044 aquilarum.
1271 1992 1507 2044 praeferunt
1525 2003 1562 2031 30

217 2137 238 2169 5
265 2131 385 2169 nichil
413 2132 454 2177 T,
487 2131 544 2167 nil
570 2131 622 2167 M
627 2131 659 2168 0
685 2134 698 2179 Ι]
730 2134 751 2167 9
772 2136 858 2178 post
890 2143 997 2167 arma
1023 2134 1046 2168 3
1073 2132 1142 2168 litt.
1173 2132 1273 2176 (fort.
1300 2130 1378 2177 bis)
1411 2144 1504 2169 eras.

118 2182 179 2218 L²
208 2184 214 2228 Ι
243 2183 333 2217 sunt
358 2193 425 2218 om.
448 2181 483 2216 L
511 2186 604 2222 (non
629 2180 685 2225 N)
718 2182 730 2227 ΙΙ
763 2185 805 2216 11
834 2179 1039 2226 gignendis
1074 2188 1145 2226 (prr.
1167 2192 1192 2225 g
1218 2181 1261 2215 in
1286 2191 1358 2216 ras.
1380 2181 1511 2226 N¹)N

119 2230 254 2274 MGT,
281 2229 478 2275 signendis
506 2229 553 2275 L,
586 2228 776 2275 fingendis
804 2229 1045 2275 hcetjohann
1073 2230 1079 2274 Ι
1108 2227 1256 2263 artibus
1283 2228 1334 2264 M
1339 2228 1418 2273 GP,
1446 2241 1504 2265 ar-

118 2279 234 2315 tubus
264 2279 298 2314 Τ
306 2278 353 2324 F,
387 2276 578 2313 artutibus
604 2277 640 2312 L
666 2281 699 2313 et
732 2279 841 2321 (corr.
867 2278 911 2313 in
936 2276 1096 2312 artubus
1123 2276 1168 2312 Ν
1170 2277 1196 2321 ¹)
1206 2276 1250 2311 N
1253 2290 1267 2321 ;
1297 2277 1344 2320 cf.
1372 2289 1426 2323 ep.
1460 2278 1506 2323 V,

118 2330 159 2371 2,
180 2331 201 2364 1
228 2326 495 2373 philosophiae
522 2325 703 2360 membris
725 2325 872 2361 art-ibus
895 2324 1164 2371 partibusque3
1194 2324 1328 2361 Faust.
1351 2337 1391 2371 p.
1413 2330 1505 2371 26²5,

120 2379 169 2412 16
180 2376 228 2412 E.
249 2378 261 2422 ΙΙ
282 2379 327 2410 14
352 2375 458 2422 nam]
479 2386 531 2410 an
551 2377 691 2409 unum?
710 2375 722 2420 ss
741 2377 788 2409 24
811 2386 863 2410 an
882 2372 1058 2420 intingit?
1085 2373 1325 2418 Luetjohann
1344 2375 1356 2420 ΙΙ
1376 2378 1421 2410 ‘26
1444 2386 1504 2410 ca-

118 2423 232 2459 nibus
260 2423 538 2469 competentius
566 2422 617 2457 M
639 2423 729 2466 (inv.
757 2422 834 2458 ord.
863 2421 1055 2467 LNTCss
