1592 2612
612 92 820 132 omum<
842 92 945 129 xm.
1290 58 1293 61 “
1390 88 1476 132 311

738 239 836 283 XII.

505 325 573 361 AD
598 324 644 362 V.
671 323 711 360 e.
739 321 1072 360 CATULLINUM.

375 403 479 452 Quid
510 415 588 456 me,
620 403 699 442 etsi
728 400 893 454 valeam,
924 411 1066 453 parare
1099 409 1262 438 carmen

315 462 668 505 Fescenninicolae
700 461 817 502 iubes
849 460 998 501 Diones

315 526 423 566 inter
454 525 677 576 crinigeras
709 524 832 563 situm
864 526 1044 561 catervas

317 592 358 626 et
388 584 626 626 Germanica
657 583 779 623 verba
811 583 1099 634 sustinentem,

269 654 292 686 5
318 645 410 687 laud
436 650 546 687 ntem
576 645 722 685 tetrico
755 642 926 683 subinde
959 641 1084 694 vultu,

318 719 398 760 quo
457 704 689 758 Burgundio
723 708 857 744 cantat
887 702 1131 755 esculentus,

318 766 535 808 infundens
567 765 681 806 acido
713 776 868 805 comam
896 760 1072 816 butyro?

320 829 382 868 vis
414 827 545 867 dicam
576 826 664 880 tibi,
696 825 792 878 quid
824 837 968 878 poema
1000 820 1186 876 frangat?

321 901 369 929 ex
401 887 478 928 hoc
509 886 733 927 barbaricis
765 885 903 925 abacta
934 883 1101 937 plectris

250 956 295 990 10
321 949 479 1002 spernit
510 946 744 1000 senipedem
777 945 914 986 stilum
946 943 1097 997 Thalia,

320 1022 370 1050 ex
402 1021 481 1062 quo
515 1007 745 1061 septipedes
777 1006 887 1046 videt
916 1010 1121 1058 patronos.

318 1069 458 1110 felices
491 1068 628 1108 oculos
661 1072 753 1108 tuos
785 1072 826 1107 et
857 1078 976 1107 aures

320 1129 559 1182 felicemque
592 1127 691 1168 libet
714 1140 858 1168 vocare
890 1138 1046 1180 nasum,

321 1192 388 1232 cui
418 1202 499 1230 non
531 1189 622 1229 allia
655 1188 922 1240 sordidaeque
948 1198 1093 1239 caepae

250 1259 295 1292 15
321 1255 482 1292 ructant
512 1262 630 1290 mane
660 1261 764 1289 novo
797 1248 937 1288 decem
969 1250 1196 1300 apparatus,

322 1324 442 1364 quem
473 1323 556 1351 non
586 1315 632 1350 ut
662 1309 842 1350 vetulum
872 1310 1000 1361 patris
1031 1312 1243 1360 parentem

321 1373 574 1424 nutricisque
605 1372 738 1410 virum
770 1370 835 1409 die
866 1381 942 1409 nec
974 1372 1063 1408 orto

322 1436 383 1472 tot
413 1433 594 1484 tantique
626 1435 769 1483 petunt
802 1428 922 1469 simul
954 1427 1157 1482 Gigantes,

324 1497 421 1545 quot
452 1493 516 1531 vix
549 1490 707 1531 Alcinoi
738 1490 870 1530 culina
904 1489 1039 1529 ferret.

250 1560 298 1594 20
384 1552 463 1593 Sed
495 1554 575 1592 iam
605 1551 719 1591 Musa
750 1555 857 1590 tacet
888 1554 1079 1601 tenetque
1111 1547 1290 1588 habenas

322 1614 462 1666 paucis
494 1610 838 1664 hendecasyllabis
871 1611 1011 1663 iocata,

322 1686 373 1714 ne
406 1674 619 1727 quisquam
652 1673 816 1712 satiram
848 1669 911 1710 vel
942 1670 1016 1709 hos
1048 1674 1221 1710 vocaret.

735 1824 856 1868 XIII.

390 1910 458 1946 AD
484 1908 848 1946 IMPERATOREM
875 1905 1212 1943 MAIORIANUM.

179 1987 563 2041 Amphitryoniaden
594 1986 781 2040 perhibet
811 1983 1038 2025 veneranda
1071 1987 1263 2036 vetustas,

271 2048 366 2088 dum
397 2047 548 2087 relevat
579 2051 721 2100 terras,
754 2046 1029 2099 promeruisse
1062 2042 1188 2096 polos.

181 2109 252 2150 sed
286 2108 381 2149 licet
413 2109 456 2148 in
488 2107 594 2148 nuda
626 2113 764 2147 torvus
798 2106 1042 2158 confregerit
1074 2103 1170 2143 ulna

275 2168 342 2209 ille
376 2167 595 2208 Cleonaeae
628 2172 788 2220 guttura
821 2179 912 2206 rava
946 2165 1067 2218 serae,

133 2238 156 2271 5
182 2235 224 2271 et
255 2241 496 2283 quamquam
528 2227 686 2268 ardenti
717 2226 848 2280 gladio
880 2227 945 2265 vix
978 2225 1166 2265 straverit
1197 2222 1379 2277 hydram,

206 2333 278 2369 XII
304 2336 349 2369 21
377 2344 445 2370 om.
468 2332 502 2368 Τ
527 2333 541 2378 Ι]
571 2331 659 2367 ΧΙΙΙ
685 2335 707 2367 3
734 2331 802 2367 sed
827 2342 911 2378 e90;
937 2329 1104 2378 etbcodd.
1137 2330 1150 2374 [l
1181 2332 1203 2364 4
1228 2338 1347 2364 rauca
1374 2327 1421 2374 0;
1444 2328 1496 2373 cf.

107 2393 138 2419 c.
158 2382 240 2428 XI,
259 2384 337 2419 122
355 2382 369 2428 Ε
