1592 2612
613 124 713 161 PRA
719 124 905 162 EFATIO.
1344 125 1450 162 XVII

66 237 310 279 quamquam
342 226 440 266 satis
472 224 617 278 frigida
655 238 744 266 esse
776 227 916 279 negari
947 227 1105 280 nequit,
1143 231 1278 267 tamen
1316 226 1446 268 seclu-

66 285 164 326 dere
209 285 397 327 dubitavi.
443 309 500 313 —
545 285 601 326 Ib.
646 287 744 327 satis
794 287 938 326 miram
989 286 1233 327 locutionem
1279 290 1448 338 placeat

68 357 240 387 carmen
271 358 401 387 necne
441 341 534 401 (pro
565 349 651 387 sive
686 368 735 374 —
771 342 875 403 sive)
915 348 963 387 cf.
997 359 1088 387 cum
1121 346 1215 387 Cod.
1249 347 1447 388 Theodos.

68 405 153 460 XII,
180 404 219 460 1,
246 404 332 448 128
366 408 454 447 dux
486 409 553 447 ille
585 419 639 447 an
672 419 805 448 comes
830 410 893 447 sit.
920 429 978 435 —
1004 407 1052 461 II,
1078 406 1119 462 9,
1144 406 1174 447 4
1205 407 1447 461 Luetjohan-

67 478 167 507 num
190 468 274 508 huc
298 465 430 507 tribus
457 466 649 520 deinceps
674 467 774 507 locis
800 467 985 508 codicum
1012 480 1213 508 consensu
1237 468 1448 509 defensum

67 525 168 567 falso
194 528 237 567 in
262 528 345 568 hac
370 531 547 567 mutasse
573 528 652 567 iam
677 526 1015 580 Engelbrechtius
1044 527 1068 568 1.
1096 528 1119 568 l.
1145 541 1183 581 p.
1205 526 1231 568 3
1259 529 1448 582 ostendit,

66 599 160 628 cum
191 587 293 627 duos
326 586 480 627 similes
512 586 621 628 locos
655 587 894 629 Sidonianos
927 589 1059 642 affert,
1099 601 1159 641 ep.
1187 588 1289 643 VIII,
1316 588 1361 644 6,
1391 588 1447 630 14

66 652 108 688 et
138 646 243 702 VIII,
273 645 341 701 13,
367 645 414 701 3,
453 660 623 700 quorum
655 649 767 701 prior
799 649 984 689 codicum
1015 648 1169 690 LMTC
1208 651 1446 691 auctoritate

65 708 228 762 nititur,
265 707 367 748 alter
397 708 674 748 tantummodo
707 711 749 749 in
781 709 874 748 LNa
904 715 1015 750 recte
1049 709 1240 763 tradituS,
1278 711 1320 750 in
1354 710 1445 750 reli-

67 769 160 821 quis
203 773 419 821 corruptus
458 774 520 808 est
562 764 680 824 (hinc
718 765 930 825 NbMTC).
1000 769 1173 810 Omnino
1215 770 1337 811 huius
1379 771 1446 811 ad-

65 827 197 868 verbii
228 840 327 868 usus
359 828 463 881 apud
497 828 708 869 Sidonium
747 829 962 882 singularis
995 835 1035 870 et
1066 831 1341 871 memorabilis
1373 836 1445 872 est.

66 887 182 935 Quod
214 893 260 929 ut
290 900 371 929 uno
398 890 440 929 in
473 895 691 942 conspectu
717 903 875 944 ponam,
908 889 1087 943 reliquos
1113 890 1235 945 locos,
1267 891 1339 932 ubi
1364 894 1447 933 huc

66 960 167 988 nova
201 948 372 1000 quadam
404 950 443 989 vi
474 951 663 1002 usurpari
691 950 862 1004 videtur,
894 950 1132 991 exscribam.
1185 952 1287 992 Sunt
1313 957 1447 992 autem

65 1007 126 1048 hi:
158 1020 220 1061 ep.
246 1007 294 1062 11,
323 1006 391 1062 13,
417 1007 440 1050 7
475 1022 649 1060 eumque
675 1023 888 1062 pransuro
916 1043 924 1051 .
947 1043 954 1050 .
976 1043 984 1051 .
1006 1014 1133 1062 panis
1166 1014 1342 1053 daretur
1363 1046 1371 1052 .
1393 1043 1403 1053 .
1425 1045 1445 1062 .,

66 1071 238 1120 insuper
279 1070 407 1121 dapes
448 1073 585 1111 cultae
617 1103 625 1111 .
647 1102 655 1110 .
678 1103 686 1111 .
709 1103 717 1111 .
751 1076 1060 1122 apponerentur
1087 1104 1094 1112 .
1117 1104 1124 1111 .
1147 1104 1155 1112 .
1177 1103 1205 1126 .,
1244 1074 1327 1114 huc
1366 1069 1446 1129 (sic

66 1127 170 1182 LN2,
207 1130 306 1170 hine
342 1125 449 1185 rell.)
477 1162 485 1170 .
508 1163 515 1170 .
539 1163 547 1170 .
569 1163 576 1170 .
603 1137 845 1183 sparqeret;
885 1131 927 1185 V,
956 1130 1024 1185 17,
1051 1130 1075 1173 7
1116 1135 1191 1182 qui
1225 1145 1319 1174 eum
1345 1165 1355 1174 .
1376 1165 1386 1175 .
1407 1166 1415 1174 .
1438 1166 1447 1173 .

66 1194 404 1240 summoveretur,
436 1204 548 1232 nunc
579 1204 740 1242 quoque
766 1224 773 1232 .
796 1224 805 1232 .
826 1224 834 1232 .
857 1224 865 1232 .
892 1205 969 1233 nee
1002 1195 1273 1234 intercideret
1303 1197 1445 1234 trami-

64 1254 144 1290 tem
176 1262 254 1291 nee
285 1256 463 1301 caveret,
495 1253 576 1292 huc
610 1247 688 1307 (sic
721 1264 863 1292 rursus
888 1252 994 1306 LN2,
1026 1255 1085 1293 ad
1113 1255 1191 1294 hoe
1217 1250 1323 1309 rell.)
1346 1287 1353 1294 .
1376 1287 1383 1294 .
1407 1287 1446 1295 ..

65 1321 196 1360 aeqre
226 1311 279 1351 de
315 1313 484 1352 ruinoso
517 1313 636 1362 flexu
674 1325 719 1353 se
749 1316 1035 1363 recolliyeret;
1073 1313 1175 1367 VIII,
1204 1313 1278 1368 11,
1304 1313 1331 1355 6
1364 1318 1447 1356 hue

66 1365 190 1425 (LN·,
222 1369 308 1410 rell.
334 1367 437 1428 hic),
468 1378 515 1413 ut
545 1378 760 1424 arreptum
790 1379 985 1414 suaserat
1010 1386 1121 1425 οραε,
1154 1376 1332 1416 ethicam
1359 1378 1444 1417 dic·

64 1432 215 1471 tionem
241 1462 250 1470 .
272 1462 280 1470 .
303 1463 311 1471 .
333 1464 342 1471 .
369 1434 574 1473 variabat.
625 1433 735 1480 Quos
767 1433 877 1474 locos
910 1435 946 1473 si
979 1433 1211 1486 diligentius
1244 1437 1445 1476 examina-

65 1491 256 1544 verimus,
288 1503 427 1532 omnes
459 1498 569 1533 recte
604 1506 646 1533 se
678 1493 827 1534 habere
853 1494 1074 1548 apparebit,
1106 1495 1202 1535 dum
1228 1497 1310 1537 hue
1337 1496 1445 1537 idem

65 1549 198 1590 valere
232 1551 338 1603 quod
371 1554 429 1593 ad
457 1555 554 1607 hoe,
593 1556 763 1606 insuper
802 1559 1035 1595 statuamus,
1100 1555 1218 1595 Certe
1258 1569 1319 1609 ep.
1347 1556 1445 1610 VIII,

67 1609 137 1663 11,
163 1608 191 1651 6
224 1611 320 1663 quid
352 1614 422 1653 hie
454 1611 533 1652 sibi
564 1613 676 1667 velit,
711 1616 776 1654 vix
810 1619 871 1654 est
902 1614 1236 1670 intellegendum,
1269 1617 1376 1669 quod
1411 1620 1447 1657 si

64 1682 290 1722 pronomen
321 1685 412 1712 esse
444 1678 644 1728 putamus,
676 1675 858 1727 ineptum
887 1674 1046 1715 videtur
1077 1675 1139 1715 vel
1166 1681 1275 1716 certe
1303 1690 1445 1730 super-

64 1742 295 1786 vacaneum,
328 1734 420 1785 quia
453 1739 494 1773 et
519 1746 621 1786 quae
654 1735 896 1775 antecedunt
929 1740 968 1775 et
995 1748 1095 1788 quae
1124 1743 1361 1791 sequuntur,
1394 1739 1442 1778 ad

65 1802 191 1830 unum
223 1792 476 1846 eundemque
509 1794 714 1835 hominem
746 1797 935 1849 attinent3
967 1808 1049 1836 non
1081 1798 1205 1848 igitur
1231 1810 1332 1850 opus
1360 1804 1446 1838 erat

65 1862 158 1890 eum
191 1851 323 1893 denuo
356 1853 427 1894 tali
458 1857 696 1906 pronomine
730 1855 864 1896 addito
898 1857 1134 1910 significari3
1168 1859 1231 1896 sin
1263 1857 1446 1898 localiter

64 1912 381 1964 interpretamur
419 1909 497 1969 (=
530 1917 572 1955 in
604 1912 708 1971 his),
752 1918 888 1956 minus
926 1916 1028 1956 bene
1068 1917 1116 1957 ad
1157 1917 1263 1957 solos
1303 1931 1445 1959 versus

65 1971 258 2026 refertur,
297 1986 388 2014 cum
421 1974 611 2016 Sidonius
645 1988 761 2017 omne
795 1978 1062 2030 scriptionum
1101 1990 1228 2030 genus
1262 1983 1444 2031 spectare

64 2031 259 2073 videatur.
310 2034 388 2074 Sed
421 2047 471 2075 ne
497 2037 644 2076 ceteris
672 2037 834 2089 quidem
860 2037 960 2077 locis
988 2039 1203 2090 quicquam
1231 2044 1304 2092 est,
1338 2039 1444 2092 quod

63 2096 222 2132 servata
266 2093 339 2135 hac
384 2095 567 2136 codicum
605 2096 677 2136 LN
722 2097 894 2138 lectione
940 2110 1021 2138 non
1067 2100 1216 2150 optime
1263 2099 1444 2152 quadret.

64 2150 166 2191 Cum
191 2152 265 2193 hac
292 2156 583 2207 significatione
610 2156 790 2197 adverbii
821 2160 902 2198 huc
929 2158 1242 2211 comparandum
1269 2165 1331 2200 est
1363 2162 1445 2201 hue

66 2214 172 2262 item,
203 2214 310 2266 quod
335 2214 399 2255 bis
426 2217 640 2270 invenitur,
673 2229 734 2270 ep.
761 2217 826 2272 IX,
850 2217 918 2272 11,
939 2217 966 2259 3
993 2224 1033 2258 et
1058 2218 1124 2272 IX,
1147 2218 1214 2272 12,
1236 2217 1274 2274 3,
1306 2217 1444 2273 priore¹

65 2270 152 2312 loco
192 2274 378 2315 omnibus
416 2275 532 2317 libris
571 2277 780 2331 traditum3
819 2278 944 2318 altero
978 2276 1108 2318 M¹PF
1140 2281 1218 2320 hoe
1251 2283 1343 2320 item
1377 2293 1445 2320 ex-

64 2331 224 2388 hibent,
270 2335 376 2388 quod
421 2335 720 2390 Luetjohannus
765 2340 936 2392 recepit,
983 2351 1069 2379 mea
1116 2342 1316 2380 sententia
1363 2353 1442 2381 non

69 2397 198 2447 recte3
230 2407 322 2435 nam
354 2396 569 2437 facillimus
601 2403 685 2438 erat
717 2398 836 2439 huius
869 2398 1083 2439 locutionis
1117 2401 1159 2439 in
1192 2402 1271 2440 vim
1305 2401 1444 2441 adver-

136 2468 364 2497 Aronmxums
385 2471 431 2497 ed.
451 2471 568 2498 Mohr.
1199 2468 1223 2503 b
