1592 2612
123 104 215 147 234
635 101 780 138 LIBER
805 101 984 139 NONUS.

753 248 870 292 XVI.

383 330 607 368 SlDONIUS
634 330 843 367 FIRMINO
871 330 963 367 SUO
992 329 1237 367 SALUTEM.

218 410 254 452 1.
288 411 330 451 Si
361 409 603 462 recordaris,
636 408 795 448 domine
828 407 902 462 fili,
933 407 1009 447 hoc
1042 406 1142 447 mihi
1173 408 1421 461 iniunxeras,
1456 412 1502 448 ut

124 472 189 512 hic
227 483 357 512 nonus
395 468 553 510 libellus
592 468 849 521 peculiariter
886 467 962 508 tibi
1000 467 1173 508 dictatus
1220 469 1368 508 ceteris
1407 473 1497 508 octo

125 532 389 585 copularetur,
422 542 522 582 quos
549 528 598 568 ad
625 528 902 569 Constantium
930 529 1087 582 scripsi,
1119 529 1251 569 virum
1284 527 1501 581 singularis

85 607 104 634 5
125 593 286 646 ingenii,
319 590 476 631 consilii
503 589 700 643 salutaris,
727 594 835 629 certe
863 590 904 629 in
930 588 1167 633 tractatibus
1192 588 1367 642 publicis
1394 593 1500 629 cete-

124 665 190 693 ros
223 652 468 704 eloquentes,
501 657 576 690 seu'
605 649 761 689 diversa
798 651 880 690 sive
912 650 1024 702 paria
1057 649 1260 703 decernat,
1292 653 1500 702 praestan-

122 714 237 753 tioris
264 711 470 752 facundiae
504 709 665 750 dotibus
691 710 1009 750 antecellentem.
1044 711 1207 763 sponsio
1234 709 1400 762 impleta
1426 715 1501 764 est,

122 786 202 813 non
234 772 396 826 quidem
429 775 579 824 exacte,
612 770 682 810 sed
714 770 775 811 vel
807 772 1016 811 instanter.
1082 769 1120 811 2.
1154 782 1247 810 nam
1272 771 1496 824 peragratis

123 834 225 873 forte
264 831 516 872 dioecesibus
555 843 647 871 cum
692 830 856 871 domum
894 833 1003 884 veni,
1049 832 1084 871 si
1135 830 1241 884 quod
1290 830 1501 871 schedium

67 910 103 936 10
121 899 272 934 temere
304 894 438 932 iacens
465 890 657 932 chartulis
677 891 863 944 putribus
890 904 935 932 ac
960 892 1185 932 veternosis
1206 890 1500 945 continebatur,

121 955 265 1006 raptim
304 954 551 1005 coactimque
590 952 806 992 translator
844 953 1015 992 festinus
1061 953 1287 1006 exscripsi,
1314 956 1498 1004 tempore

120 1014 288 1054 hiberno
314 1013 372 1053 nil
397 1012 634 1066 retardatus,
655 1014 752 1065 quin
778 1017 957 1052 actutum
983 1014 1093 1053 iussa
1119 1011 1378 1065 complerem,
1403 1011 1500 1052 licet

121 1075 391 1127 antiquarium
425 1078 651 1112 moraretur
683 1072 928 1113 insiccabilis
966 1072 1058 1125 gelu
1089 1074 1234 1125 pagina
1270 1077 1310 1113 et
1344 1071 1496 1112 calamo

121 1134 260 1174 durior
297 1138 419 1187 gutta,
464 1145 581 1185 quam
620 1132 840 1173 iudicasses
879 1132 1205 1186 imprimentibus
1242 1133 1381 1185 digitis
1413 1145 1495 1173 non

68 1210 102 1236 15
122 1195 259 1248 fluere,
286 1194 355 1234 sed
375 1194 514 1246 frangi.
561 1195 618 1233 sic
640 1205 797 1246 quoque
823 1198 960 1234 tamen
986 1197 1213 1247 compotem
1239 1193 1364 1233 officii
1382 1194 1498 1246 prius

122 1267 238 1307 agere
278 1255 430 1308 curavi,
475 1266 594 1306 quam
626 1253 909 1294 duodecimum
944 1259 1146 1307 nostrum,
1189 1266 1309 1306 quem
1342 1252 1495 1293 Numae

121 1327 303 1354 mensem
328 1327 397 1354 vos
435 1315 693 1367 nuncupatis,
715 1311 929 1370 =Favenius
968 1315 1065 1355 flatu
1095 1319 1237 1367 teporo
1270 1313 1498 1367 pluviisque

121 1374 320 1415 natalibus
352 1376 568 1414 maritaret.
620 1372 659 1414 3.
692 1379 828 1429 restat,
861 1380 904 1415 ut
936 1380 975 1415 te
1009 1372 1275 1415 arbitro'non
1307 1386 1494 1427 reposca—

122 1447 213 1475 mur
253 1448 319 1474 res
364 1436 525 1475 omnino
564 1434 972 1489 discrepantissimas,
1010 1437 1282 1476 maturitatem
1315 1434 1498 1475 celerita-

0 1510 2 1517 ·
66 1512 102 1538 20
122 1500 294 1547 temque.
351 1508 440 1535 nam
475 1496 659 1547 quotiens
691 1494 794 1535 liber
821 1497 1021 1549 quispiam
1054 1495 1178 1536 scribi
1210 1497 1290 1536 cito
1322 1494 1498 1549 iubetur,

123 1568 203 1595 non
234 1560 387 1595 tantum
418 1555 613 1595 honorem
646 1560 799 1608 spectat
831 1561 970 1596 auctor
998 1569 1019 1596 a
1046 1558 1191 1597 merito
1226 1560 1422 1609 quantum
1447 1554 1497 1596 ab

123 1615 326 1668 obsequio.
384 1616 432 1656 de
465 1615 633 1669 reliquo,
667 1617 759 1668 quia
792 1616 866 1656 tibi
892 1629 1022 1670 nuper
1055 1616 1103 1656 ad
1136 1616 1341 1657 Gelasium
1365 1617 1498 1656 virum

87 1678 94 1683 '
123 1680 183 1715 sat
220 1675 552 1728 benignissimum
596 1677 743 1715 missos
782 1676 974 1728 iambicos
1013 1676 1213 1730 placuisse
1246 1677 1498 1730 pronuntias,

123 1748 195 1788 per
226 1736 298 1775 hos
331 1741 369 1776 te
403 1748 561 1788 quoque
593 1736 821 1788 Mytilenaei
853 1738 989 1790 oppidi
1021 1737 1207 1778 vernulas
1239 1736 1499 1777 munerabor.

318 1826 324 1832 '
371 1819 453 1859 Iam
484 1833 557 1872 per
589 1820 786 1860 alternum
818 1821 983 1874 pelagus
1016 1821 1208 1874 loquendi

371 1881 452 1932 egit
483 1880 672 1920 audacem
703 1893 791 1920 mea
825 1881 963 1934 cymba
996 1895 1159 1922 cursum

370 1952 445 1979 nec
476 1940 666 1992 bipertito
699 1942 833 1980 timuit
865 1932 1034 1982 fluento‘

534 2000 695 2040 flectere
729 2000 893 2041 clavum.

221 2094 242 2125 3
270 2091 418 2127 dicatus
445 2091 684 2137 Laetjohann
713 2094 726 2138 11
758 2096 778 2127 5
806 2093 984 2129 salutaris
1012 2094 1162 2130 consilii
1192 2094 1224 2131 Ο
1249 2096 1262 2140 11
1296 2096 1317 2128 8
1344 2092 1500 2138 quidem

123 2142 256 2175 exacte
283 2140 379 2185 MP,
413 2141 543 2175 exacte
576 2139 729 2184 quidem
765 2140 858 2186 0F;
895 2143 941 2186 cf.
972 2143 1105 2179 Faust.
1128 2155 1167 2189 p.
1194 2144 1262 2187 83,
1282 2141 1390 2179 30E.
1422 2152 1500 2178 non

123 2187 277 2233 quidem
298 2187 338 2222 in
359 2216 366 2224 .
383 2216 390 2223 .
408 2217 415 2224 .
435 2187 665 2234 primordiis,
694 2188 759 2223 sed
781 2189 980 2225 dumtaxat
999 2192 1010 2236 11
1031 2195 1075 2226 12
1101 2191 1261 2227 hiberno
1283 2192 1320 2235 (o
1340 2201 1386 2226 eoe
1403 2201 1498 2226 corr.

122 2236 201 2281 M1)
213 2236 270 2280 M,
296 2235 445 2271 hiberni
472 2235 503 2272 0
524 2238 534 2282 11
567 2241 608 2272 16
635 2237 823 2284 nostrum]
850 2246 1047 2274 numerum
1077 2239 1109 2276 Ο
1133 2241 1146 2286 11
1181 2244 1223 2275 17
1249 2237 1497 2284 nuncupatis]

120 2283 270 2320 vocatis
295 2283 550 2330 nuncupando
579 2284 636 2330 011
657 2288 700 2320 19
728 2284 1039 2332 celeritatemque
1066 2299 1132 2323 om.
1158 2287 1196 2333 Ο,
1222 2298 1248 2323 s.
1277 2287 1300 2322 l.
1327 2287 1413 2323 add.
1431 2285 1499 2321 ’Μι

122 2331 135 2380 11
172 2335 217 2367 23
245 2333 305 2367 sat
330 2333 371 2367 in
402 2344 473 2369 ras.
496 2332 570 2377 Μ’,
604 2332 658 2368 sic
687 2333 718 2369 Ο
748 2336 751 2378 1
788 2345 839 2369 an
863 2333 1035 2370 iambos?
1068 2336 1326 2381 Imetjohanm
1356 2334 1419 2370 sed
1449 2334 1497 2378 cf.

122 2379 303 2417 Prudent.
318 2381 402 2426 epil.
420 2384 441 2416 7
461 2379 556 2416 citos
576 2380 761 2418 iambicos
774 2380 787 2429 11
800 2394 832 2419 v.
849 2386 869 2417 3
884 2381 1025 2419 fluento
1039 2385 1081 2420 in
1093 2395 1166 2421 ras.
1175 2383 1249 2429 ΜΊ,
1271 2381 1436 2419 secundo
1450 2381 1500 2430 011
