1592 2612
330 91 559 131 smomus
585 66 805 129 GELASIO*
822 89 915 128 suo
943 67 1184 128 SALUTEM.
1359 89 1451 135 233

250 193 491 235 Severianus
523 195 600 234 ista
632 193 771 234 rhetor
802 192 921 234 altius
928 192 955 246 ‚'

252 254 347 295 Afer
377 253 566 307 vaferque
598 252 820 294 Domnulus
834 297 837 300 Δ
851 252 1016 306 politius
1026 285 1038 307 7

251 313 594 369 scholasticusque
627 313 701 354 sub
733 312 1036 354 rotundioribus

173 383 220 416 40
251 374 396 416 Petrus
428 374 614 415 Camenis
646 374 871 414 dictitasset
902 375 1053 427 acrius,

255 433 486 488 epistularis
518 446 807 488 usquequaque
839 446 915 474 nec
948 433 1064 474 stilus

249 496 382 550 virum
413 499 584 550 vetaret,
617 499 663 535 ut
694 494 891 548 stupenda
922 491 1126 547 pan'geret.

253 556 453 610 potuisset
484 556 561 595 ista
583 564 754 608 'semper
784 555 987 595 efficacius

176 620 178 623 ’
250 615 373 656 humo
406 620 524 667 atque
557 620 674 668 gente
707 619 842 655 cretus
873 616 916 655 in
948 613 1156 667 Ligustide

171 684 218 718 45
250 675 445 716 Proculus
477 674 645 716 melodis
677 677 863 716 insonare
895 674 1079 728 pulsibus

252 736 396 777 limans
428 736 555 776 faceta
588 748 769 789 quaeque
803 737 862 776 sic
892 739 1096 788 poemata,

249 796 445 837 Venetam
477 795 647 836 lacessat
678 801 723 836 ut
754 796 887 836 favore
919 794 1120 835 Mantuam

250 856 567 909 Homericaeque
599 869 672 910 par
703 860 744 896 et
774 857 860 909 ipse
893 855 1061 910 gloriae,

251 921 360 957 rotas
391 916 566 957 Maronis
599 920 684 956 arte
717 921 875 956 sectans
907 917 1098 969 compari.

175 1034 222 1067 50
313 1024 396 1078 Ego
424 1024 544 1065 corde
577 1030 618 1065 et
649 1037 718 1065 ore
750 1026 838 1065 iure
871 1023 1128 1078 despicabilis

253 1085 348 1138 quid
381 1086 488 1140 inter
518 1085 640 1125 hosce
672 1090 713 1125 te
745 1089 911 1138 rogante
944 1086 1138 1139 garriam,

250 1145 502 1199 loquacitatis
533 1145 824 1198 impudentiam
854 1144 1030 1199 probans

253 1207 458 1259 animique
490 1210 580 1246 vota
613 1205 804 1246 destituta
836 1203 1012 1246 litteris?

253 1265 323 1306 sed
357 1266 453 1319 quid
485 1265 638 1318 negabo
670 1278 746 1307 nec
777 1266 931 1319 pudore
958 1263 1164 1306 territus?

175 1335 219 1368 55
254 1338 365 1366 amor
391 1327 539 1366 timere
572 1328 719 1367 nescit:
751 1326 845 1366 inde
877 1327 1005 1379 parui.

163 1444 203 1488 2.
235 1447 398 1499 ignosce
426 1446 591 1487 desueta
617 1448 816 1499 repetenti
843 1451 961 1499 atque
983 1446 1033 1486 ob
1059 1446 1224 1499 impleta
1244 1459 1345 1500 quae
1366 1448 1448 1488 ius-

72 1518 184 1547 seras
215 1506 316 1547 nihil
348 1506 519 1559 amplius
552 1519 671 1559 quam
704 1507 880 1546 raritatis
912 1506 1203 1559 indulgentiam
1228 1507 1448 1560 praestola-

71 1573 174 1608 turo.
238 1571 417 1607 ceterum
451 1566 569 1620 mihi,
602 1568 636 1606 si
669 1566 813 1606 similia
847 1571 939 1619 post
971 1568 1159 1621 iusseris,
1192 1579 1269 1620 quo
1303 1581 1447 1620 queam

72 1627 162 1667 fieri
193 1628 320 1679 magis
354 1626 599 1681 obsequens,
631 1627 689 1667 sic
722 1625 883 1667 curabis
916 1626 964 1666 ad
996 1628 1125 1667 vicem
1157 1629 1348 1667 carminis
1381 1634 1448 1668 aut

74 1687 225 1728 dictare
259 1699 361 1740 quae
395 1692 551 1727 cantem
584 1692 652 1727 aut
685 1686 828 1727 saltare
863 1699 963 1740 quae
996 1687 1159 1727 rideam.
1210 1687 1308 1727 vale.

168 1851 202 1875 v.
223 1843 270 1876 46
297 1850 470 1885 quaeque
490 1851 557 1876 om.
581 1839 612 1876 Ο
626 1840 638 1886 ΙΙ
657 1851 692 1876 v.
712 1843 758 1875 49
785 1840 866 1875 arte
886 1840 1038 1875 sectans
1059 1839 1144 1876 PF
1160 1844 1193 1876 et
1218 1841 1260 1877 in
1279 1851 1352 1877 ras.
1373 1841 1424 1876 M
1427 1841 1450 1886 ¹,
1506 1834 1510 1837 ’

72 1888 244 1923 artexate
260 1887 298 1934 0,
319 1888 421 1923 artet
440 1898 509 1923 axe
529 1889 583 1924 ed.
598 1887 886 1931 Elmenhorstii;
913 1885 964 1924 im
984 1889 1085 1924 artet
1104 1889 1209 1924 arte?
1228 1890 1240 1933 u
1259 1900 1292 1924 v.
1314 1891 1359 1923 52
1380 1899 1449 1934 ap-

72 1936 238 1982 probans
264 1936 339 1973 Leo
359 1936 371 1981 ΙΙ
390 1947 423 1971 v.
446 1939 491 1971 53
519 1935 923 1980 destitutasirnwnd„
949 1935 1170 1972 destentuta
1191 1936 1276 1981 OF,
1303 1936 1450 1972 distent

72 1984 117 2019 ut
143 1995 166 2019 a
190 1984 235 2030 P,
263 1983 366 2020 diset
391 1986 431 2028 (s.
459 1984 499 2019 et
524 1984 609 2021 add.
635 1996 662 2019 n
687 1984 763 2031 M'1)
790 1986 833 2020 ut
859 1996 882 2020 a.
900 1984 952 2021 M
965 1987 977 2027 [l
996 1988 1018 2020 3
1045 1984 1187 2020 similia
1211 1986 1298 2030 post
1325 1984 1357 2020 si
1386 1984 1418 2021 0
1439 1985 1446 2040 l

71 2030 282 2068 iniunxeris
315 2032 562 2069 Wilamowitz
580 2034 592 2079 ΙΙ
611 2035 634 2067 4
659 2034 782 2078 magis
808 2032 890 2069 fieri
917 2032 995 2069 OF
1014 2034 1019 2079 Ι
1043 2032 1097 2068 sic
1123 2032 1275 2068 curabis
1298 2033 1390 2079 PF,
1417 2045 1450 2069 ει

74 2079 225 2116 curabis
254 2080 286 2117 Ο
312 2084 346 2117 et
378 2083 487 2125 (corr.
514 2081 556 2116 in
587 2080 641 2116 sic
674 2079 824 2117 curabis
850 2081 930 2126 M1)
942 2082 990 2117 M
1002 2097 1010 2126 ς
1051 2081 1101 2116 sis
1133 2081 1283 2116 curabis
1310 2081 1448 2128 Enyel-

73 2128 213 2174 brecht,
244 2127 391 2164 scilicet
422 2127 574 2165 curabis
600 2129 858 2175 Imetjohann,
890 2129 972 2175 ipse
1006 2130 1157 2165 curabis
1190 2129 1451 2176 Wilammvitz,

74 2174 107 2212 si
133 2175 295 2223 curabis,
322 2176 371 2213 ad
396 2188 431 2212 v.
458 2188 488 2213 c.
516 2177 583 2212 aut
607 2176 712 2214 dicta
739 2189 774 2224 q.
801 2189 831 2214 c.
859 2180 927 2213 aut
953 2178 1052 2213 salta.
1079 2178 1286 2214 Mommsen
1303 2178 1316 2224 ΙΙ
