1592 2612
0 55 21 80 Ξ)

372 109 601 148 SIDONIUS
629 109 861 147 SECUNDO
886 109 982 147 SUO
1009 108 1252 148 SALUTEM.
1452 110 1512 154 65

113 212 217 267 liqui
253 213 434 266 pretium
469 211 616 266 lapidis
655 213 875 266 operisque
913 212 1158 253 mercedem.
1228 225 1393 254 carmen
1433 212 1512 253 hoc

113 285 226 328 sane,
252 273 361 327 quod
386 278 674 328 consequetur,
698 278 818 314 nocte
843 275 1030 326 proxima
1055 274 1147 328 feci,
1172 286 1255 315 non
1274 273 1511 328 expolitum,

113 334 257 389 credo,
296 334 405 388 quod
442 335 530 374 viae
569 346 652 374 non
689 347 835 387 parum
873 335 1067 375 intentus.
1118 332 1158 376 5.
1192 335 1299 388 quod
1338 340 1433 388 peto
1465 340 1512 375 ut

113 394 289 450 tabulae,
320 394 735 465 quantulumcumque
769 400 844 449 est,
876 395 1066 436 celeriter
1091 395 1274 450 indatur3
1306 396 1379 436 sed
1405 395 1510 450 vide,

114 460 161 496 ut
191 456 335 496 vitium
366 468 448 496 non
479 455 600 496 faciat
630 457 674 496 in
706 468 908 496 marmore
941 456 1175 511 lapidicida3
1214 456 1323 510 quod
1358 457 1510 498 sactum
1547 468 1567 495 5

115 517 200 557 sive
232 515 283 557 ab
315 516 517 557 industria
549 529 623 557 seu
654 529 729 570 per
754 518 956 557 incuriam
980 517 1083 557 mihi
1107 519 1236 570 magis
1263 530 1384 571 quam
1412 530 1510 571 qua-

113 577 292 618 dratario
324 576 473 617 lividus
505 576 633 617 lector
665 577 879 618 adscribet.
944 590 1018 631 ego
1051 591 1166 632 vero,
1205 579 1241 618 si
1271 580 1339 631 pio
1374 578 1509 619 studio

114 642 253 691 rogata
285 639 513 692 curaveris,
552 639 610 678 sic
643 650 758 691 agam
789 640 959 693 gratias,
1000 640 1117 692 quasi
1148 639 1206 679 nil
1238 638 1314 679 tihi
1347 652 1508 692 quoque

114 697 246 739 laudis
278 703 347 739 aut
378 698 528 752 gloriae
562 699 737 753 accedat,
770 712 892 752 quem
923 704 1068 753 patruo
1098 705 1168 740 tuo
1195 704 1351 740 remoto
1379 699 1508 740 solida

113 760 343 812 praesentis
375 759 500 799 officii
532 758 763 800 sollicitudo
803 761 1022 800 mansisset
1053 773 1127 814 pro
1166 760 1294 814 gradu
1326 762 1506 801 seminis.
1528 773 1565 800 10

281 843 429 885 Serum
459 849 552 897 post
582 849 751 898 patruos
782 850 1020 898 patremque
1053 858 1219 886 carmen

279 904 387 945 haud
418 905 610 958 indignus
643 918 714 945 avo
747 918 875 958 nepos
910 906 1053 960 dicavi,

280 977 331 1006 ne
364 965 448 1006 fors
480 970 663 1018 tempore
696 971 905 1020 postumo,
938 968 1081 1021 viator,

282 1028 474 1079 ignorans
506 1028 776 1067 reverentiam
808 1026 958 1080 sepulti

227 1094 249 1127 5
282 1086 471 1128 tellurem
502 1092 658 1128 tereres
690 1089 977 1141 inaggeratam.

281 1148 510 1201 praelectus
542 1149 648 1188 iacet
677 1148 745 1189 hic
775 1148 1032 1203 Apollinaris,

279 1213 373 1262 post
403 1210 605 1262 praetoria
636 1215 748 1249 recta
780 1208 1002 1250 Galliarum

280 1268 500 1310 maerentis
531 1271 686 1322 patriae
720 1271 813 1310 sinu
844 1275 1049 1325 receptus,

281 1329 608 1371 consultissimus
640 1330 966 1384 utilissimusque

204 1398 249 1430 10
281 1392 390 1431 ruris
421 1390 591 1431 militiae
624 1391 781 1444 forique
815 1391 958 1445 cultor,

281 1450 546 1504 exemploque
580 1450 670 1491 aliis
702 1452 932 1504 periculoso

281 1510 386 1551 liber
418 1511 493 1551 suh
526 1511 828 1553 dominantibus
859 1514 1054 1565 tyrannis.

282 1571 382 1612 haec
415 1572 487 1612 sed
519 1574 693 1612 maxima
725 1573 902 1625 dignitas
933 1572 1142 1627 probatur,

282 1631 388 1685 quod
421 1632 596 1673 frontem
628 1645 768 1687 cruce,
800 1633 982 1673 membra
1014 1633 1125 1673 fonte
1157 1646 1335 1687 purgans

206 1700 249 1732 15
281 1694 439 1746 primus
472 1693 521 1733 de
554 1706 724 1733 numero
756 1698 918 1747 patrum
952 1706 1119 1734 suorum

282 1755 410 1794 sacris
443 1753 652 1807 sacrilegis
685 1756 942 1795 renuntiavit.

281 1814 358 1854 hoc
389 1816 567 1867 primum
598 1819 662 1854 est
694 1815 831 1869 decus,
861 1815 961 1856 haec
994 1814 1170 1869 superba
1202 1816 1344 1869 virtus,

283 1887 354 1928 spe
386 1875 648 1929 praecedere,
682 1888 784 1928 quos
816 1876 970 1916 honore
1002 1878 1158 1929 iungas,

282 1937 432 1988 quique
464 1935 531 1976 hic
563 1941 659 1976 sunt
689 1936 820 1976 titulis
851 1949 971 1989 pares
1003 1941 1207 1998 parenteS,

203 2003 251 2037 20
281 1995 357 2036 hos
389 1995 472 2036 illic
503 1998 662 2037 meritis
696 1999 968 2050 supervenire.

116 2077 157 2121 6.
189 2078 292 2120 Novi
330 2080 494 2133 quidem
526 2083 705 2122 auctoris
736 2084 868 2122 nostri
899 2095 981 2122 non
1013 2082 1262 2135 respondere
1295 2082 1502 2123 doctrinae

117 2140 312 2193 epitaphii
344 2141 589 2194 qualitatem,
623 2142 693 2182 sed
726 2144 859 2183 anima
885 2145 1016 2196 perita
1044 2144 1220 2183 musicas
1246 2155 1329 2182 non
1355 2143 1506 2184 refutat

215 2262 236 2292 6
262 2257 389 2303 magis
414 2257 533 2293 michi
560 2258 592 2294 G
615 2259 621 2304 Ι
651 2259 900 2305 quadratorio
934 2262 1044 2304 (corr.
1072 2260 1115 2295 in
1148 2258 1398 2304 quadratario
1424 2261 1506 2305 111²)

117 2304 248 2342 MGT
264 2307 277 2351 Ι
296 2309 318 2341 9
339 2310 426 2361 post
450 2308 588 2352 patruo
614 2308 682 2343 tuo
715 2309 815 2354 quod
839 2309 905 2355 leq.
933 2308 994 2343 vel
1020 2318 1081 2343 me
1107 2309 1150 2343 in
1174 2307 1346 2355 LVCT,
1378 2308 1420 2345 id
1445 2311 1506 2345 est

117 2363 187 2447 gia}
205 2352 262 2438 (id
266 2356 347 2448 uest
371 2355 414 2390 in
444 2366 518 2391 ras.
546 2354 627 2400 Μ’)
660 2357 702 2392 in
727 2356 780 2392 M
804 2357 937 2393 delezit
963 2356 1202 2402 Luetjoharm
1237 2356 1250 2403 ΙΙ
1286 2368 1321 2393 v.
1344 2361 1391 2393 14
1416 2369 1504 2404 pur·

191 2467 241 2494 Ar
222 2474 322 2496 Ριοω,
312 2476 421 2496 umus
442 2470 489 2497 ed.
510 2471 567 2497 Mo
575 2470 619 2496 hi·
603 2477 627 2497 r.
1263 2469 1284 2501 5
