1592 2612
155 128 242 171 278
683 126 890 166 CARMEN
914 126 996 165 VII.

275 228 437 284 ‘testor,
470 235 603 270 sancte
635 227 811 284 parens',
843 231 995 284 inquit,
1027 227 1082 270 ‘te
1115 242 1266 272 numen
1297 236 1338 272 et
1369 231 1487 288 illud,

275 291 463 344 quicquid
495 290 619 331 Roma
651 291 727 330 fui:
760 302 916 330 summo
950 292 1047 331 satis
1081 290 1223 332 obruta
1254 292 1335 332 fato

275 351 432 391 invideo
465 351 649 405 abiectis3
680 351 837 403 pondus
869 363 951 391 non
984 352 1156 392 sustinet
1188 352 1310 406 ampli

275 411 460 451 culminis
493 416 575 451 arta
609 411 751 452 domus
783 424 858 451 nec
891 411 1043 451 fulmen
1075 411 1245 453 vallibus
1277 414 1412 454 instat.

202 478 246 511 55
274 472 387 526 quid,
419 484 534 525 rogo,
565 471 627 511 bis
661 484 757 512 seno
790 471 889 511 mihi
920 471 1078 512 vulture
1111 472 1266 514 Tuscus
1299 486 1476 528 aruspex

272 530 503 584 portendit?
538 533 687 572 iaciens
719 533 872 585 primae
905 545 977 572 cur
1008 534 1168 573 moenia
1199 535 1311 587 genti

272 592 471 632 ominibus
503 593 582 632 iam
615 592 720 632 celsa
752 593 827 647 fui,
860 593 956 632 dum
989 593 1102 633 collis
1133 593 1295 635 Etrusci

272 652 528 692 fundamenta
560 654 664 705 iugis
697 654 830 706 aperis
862 653 981 708 mihi,
1012 653 1181 694 Romule
1213 653 1396 708 pauper?

271 712 360 765 plus
393 713 522 765 gladio
556 726 697 753 secura
730 714 806 768 fui,
839 726 930 754 cum
962 714 1124 755 turbine
1156 717 1294 756 iuncto

198 780 244 812 60
270 785 333 813 me
365 773 555 828 Rutulus,
593 773 739 814 Veiens
765 775 997 827 pariterque
1029 775 1243 816 Auruncus
1275 780 1316 816 et
1346 775 1523 832 Aequus,

268 833 465 873 Hernicus
500 838 539 874 et
570 834 735 874 Volscus
767 839 1010 887 premerent.
1066 841 1127 876 sat
1157 849 1299 890 magna
1331 836 1496 877 videbar

270 899 310 933 et
340 893 436 948 tibi,
469 894 563 934 dum
596 896 747 947 rumpit
779 897 960 935 vitiatum
993 896 1141 936 femina
1173 897 1281 937 ferro
1356 921 1358 923 -

272 966 416 1007 corpus
450 959 489 994 et
521 955 569 994 ad
603 960 756 995 castum
788 968 964 1010 remeas,
996 957 1127 1009 pudor
1159 962 1292 1011 erute,
1323 957 1480 998 vulnus.

272 1015 351 1054 iam
383 1027 474 1054 cum
506 1015 688 1055 vallatam
722 1018 830 1056 socio
863 1028 927 1056 me
961 1016 1103 1058 clausit
1134 1017 1304 1058 Etrusco

201 1082 244 1114 65
272 1074 532 1127 Tarquinius:
583 1089 655 1128 pro
688 1076 794 1116 Muci
827 1076 959 1129 ignes!
1010 1090 1083 1130 pro
1117 1078 1281 1118 Coclitis
1313 1077 1461 1119 undae!

268 1147 341 1187 pro
368 1134 499 1175 dolor!
543 1136 608 1176 hic
635 1149 808 1189 quonam
834 1142 917 1192 est,
944 1139 1013 1190 qui
1038 1138 1113 1178 sub
1139 1151 1229 1179 mea
1254 1140 1342 1179 iura
1367 1139 1525 1192 redegit

269 1194 506 1250 Samnitem,
539 1195 724 1249 Gurges?
774 1197 907 1238 Volsci
940 1200 1010 1251 qui
1041 1203 1153 1251 terga
1186 1198 1353 1254 cecidit,

267 1255 440 1296 Marcius
472 1261 529 1310 et,
563 1257 741 1297 Senones
774 1258 965 1313 fundens,
997 1259 1168 1299 dictator
1200 1265 1240 1300 et
1271 1257 1393 1300 exul?

265 1315 440 1356 Fabricii
470 1318 592 1357 vitam
622 1317 782 1373 vellem,
814 1324 966 1359 mortes
998 1319 1231 1374 Deciorum,

195 1384 240 1416 70
266 1375 327 1415 vel
361 1378 419 1416 sic
451 1378 675 1418 vincentem
708 1379 770 1418 vel
802 1381 861 1419 sic
892 1381 1037 1420 victos:
1075 1393 1164 1421 mea
1196 1380 1321 1421 redde

265 1437 474 1489 principia.
530 1437 626 1478 heu!
673 1451 750 1491 quo
777 1452 885 1480 nunc
910 1453 1080 1494 pompae
1113 1441 1298 1494 ditesque
1324 1441 1520 1494 triumphi

266 1500 306 1535 et
337 1509 488 1549 pauper
521 1497 692 1539 consul?
754 1499 948 1553 Libycum
979 1514 1068 1541 mea
1100 1503 1246 1542 terruit
1277 1513 1393 1542 axem

265 1559 400 1608 cuspis
433 1562 473 1597 et
503 1559 627 1598 infido
659 1562 777 1612 posui
808 1562 899 1613 iuga
931 1563 1050 1602 tertia
1081 1561 1229 1602 Poeno.

263 1616 453 1657 Indorum
479 1617 654 1674 Ganges,
686 1619 925 1661 Colchorum
958 1622 1118 1676 Phasis,
1150 1622 1300 1662 Araxes

191 1684 236 1716 75
262 1676 490 1732 Armeniae,
523 1678 603 1718 Ger
634 1680 873 1734 Aethiopum
905 1682 1129 1735 Tanaisque
1163 1681 1354 1723 Getarum

265 1736 512 1789 Thybrinum
543 1744 747 1780 tremuere
779 1754 925 1782 meum.
989 1756 1053 1783 me
1086 1743 1265 1783 Teutone
1299 1745 1435 1783 iuncto

264 1798 463 1848 quondam
496 1799 620 1839 fracte
654 1801 765 1840 subis
799 1802 977 1857 Cimber,
1009 1803 1230 1856 gladiisque
1263 1808 1445 1856 gravatas

262 1861 353 1896 ante
386 1871 527 1898 manus
561 1860 664 1900 solas
698 1863 800 1902 iussi
830 1868 990 1915 portare
1023 1869 1195 1904 catenas.

261 1929 332 1957 vae
364 1917 480 1958 mihi!
521 1919 648 1971 qualis
681 1933 807 1975 eram,
840 1936 932 1963 cum
964 1937 1037 1976 per
1068 1937 1158 1965 mea
1188 1926 1298 1964 iussa
1329 1923 1518 1964 iuberent

194 1985 238 2016 80
266 1977 389 2031 Sylla,
420 1978 658 2034 AsiageneS,
692 1981 854 2036 Curius,
887 1983 1051 2039 Paulus,
1083 1984 1298 2038 Pompeius

263 2037 443 2092 Tigrani,
475 2038 687 2094 Antiocho,
719 2041 890 2097 Pyrrho,
920 2044 1088 2099 Persae,
1120 2044 1341 2085 Mithridati

240 2168 283 2200 51
310 2176 448 2201 nomen
473 2167 524 2202 M
537 2168 549 2212 ΙΙ
569 2172 615 2203 54
640 2180 709 2204 nec
734 2169 879 2205 fulmen
902 2172 1100 2218 Sirmond„
1124 2183 1194 2208 nec
1219 2172 1360 2209 flumen
1381 2172 1419 2219 0,
1445 2172 1517 2208 ful-

143 2223 231 2248 men
255 2224 325 2248 nec
354 2214 402 2260 F,
428 2214 568 2251 flumen
592 2227 661 2252 nec
686 2217 816 2253 MPT
838 2221 849 2262 ΙΙ
878 2222 922 2255 57
950 2220 1040 2256 dum
1066 2219 1175 2256 collis
1200 2232 1314 2268 usque
1338 2221 1390 2258 ad
1413 2232 1445 2257 v.
1467 2223 1518 2258 59

141 2271 273 2296 secura,
291 2260 347 2296 fui
366 2273 434 2299 om.
454 2263 492 2298 P
507 2266 519 2310 ῃ
539 2268 584 2300 60
610 2276 750 2310 vegens
775 2265 939 2312 GPTF,
965 2268 1122 2305 veniens
1143 2269 1195 2304 M
1206 2270 1219 2315 ss
1239 2273 1284 2304 66
1305 2279 1517 2314 ecquonam

148 2309 395 2346 Wilamowitz
414 2312 425 2357 Ι]
445 2315 490 2347 67
518 2313 557 2347 et
582 2324 722 2359 gurges
749 2314 868 2350 OPF
884 2318 896 2362 ΙΙ
916 2319 961 2352 75
986 2316 1201 2363 Armeniae,
1231 2316 1298 2353 Gir
1323 2317 1414 2363 (Ger
1437 2318 1518 2364 eqo)

142 2356 347 2403 sermonen„
380 2361 644 2407 armentaeger
669 2361 733 2406 M,
766 2365 957 2400 armeniae
983 2366 1097 2411 tagus
1128 2365 1286 2402 OPTF
1310 2368 1322 2410 ΙΙ
1354 2368 1400 2401 80
1424 2366 1513 2410 fort.

142 2404 392 2453 Asiatogenes
419 2408 679 2456 Luetjoha'nm
709 2410 960 2457 Asiagenetes
987 2414 1172 2451 Sirmo‘nd.
1204 2416 1217 2461 ss
1248 2417 1292 2449 81
1319 2424 1428 2460 perse
1455 2415 1515 2460 M,
