1592 2612
0 2471 16 2612 k

345 122 577 163 SIDONIUS
601 121 833 160 NAMATIO
859 121 954 159 SUO
979 121 1223 159 SALUTEM.
1385 120 1474 164 177

82 229 196 281 ipsas
227 225 278 268 de
308 231 351 267 te
382 225 535 279 aliquid
570 230 664 279 post
699 229 741 265 te
780 236 996 277 superesse
1033 236 1117 264 non
1153 223 1306 264 deceat.
1368 224 1478 264 vivet

84 287 218 341 ilicet,
252 288 361 328 vivet
389 287 435 327 in
471 290 684 339 posterum
720 286 900 326 nominis
937 286 999 325 tui
1036 284 1176 338 gloria.
1238 283 1280 326 2.
1312 296 1406 324 nam
1439 286 1476 325 si

83 361 167 402 qua
189 349 343 389 nostris
368 346 718 401 qualitercumque
744 346 872 398 gratia
898 347 1127 386 reverentia
1152 345 1255 386 fides
1278 344 1476 386 chartulis

85 411 208 464 inest,
237 409 341 451 sciat
369 412 481 449 actas
511 407 602 447 volo
627 412 815 460 postuma
839 405 942 446 nihil
967 411 1037 446 tua
1061 406 1141 446 fide
1161 406 1319 446 firmius
1345 405 1476 446 forma

74 469 316 523 pulchrius,
352 469 555 509 sententia
586 469 735 508 iustius
772 468 968 520 patientia
1005 466 1264 520 tolerantius,
1302 466 1474 507 consilio
1512 478 1533 505 5

83 531 250 584 gravius
280 530 465 570 convivio
496 528 642 570 laetius
674 527 877 581 colloquio
903 527 1135 568 iucundius.
1186 526 1286 568 illud
1313 539 1475 580 quoque

85 602 211 644 supra
241 595 378 631 cetera
409 594 614 643 agnoscet,
643 589 862 642 praeconia
892 587 1081 629 laudibus
1106 589 1189 628 tuis
1214 600 1264 628 ex
1288 593 1477 628 votorum

86 652 374 692 contrarietate
406 652 579 691 venisse.
635 662 729 689 nam
759 661 887 703 prope
920 654 995 703 est,
1025 654 1071 689 ut
1103 650 1349 689 eminentius
1382 661 1477 689 cen·

84 716 239 766 nentur,
274 711 383 765 quod
413 711 687 764 probaverunt
718 715 758 750 te
791 709 959 750 adversa
990 715 1256 763 constantem,
1288 722 1409 762 quam
1441 711 1479 750 si

83 771 268 813 celarent
299 771 477 812 secunda
507 770 679 812 felicem.
736 769 835 811 vale.
1496 784 1537 810 ιο

741 923 819 968 VI.

343 1007 574 1046 SIDONIUS
598 1007 830 1044 NAMATIO
857 1007 950 1044 SUO
978 1006 1221 1045 SALUTEM.

184 1084 224 1127 1.
257 1085 401 1127 Gaium
421 1085 636 1126 Caesarem
661 1085 912 1140 dictatorem,
939 1097 1019 1138 quo
1045 1085 1182 1129 ferunt
1206 1084 1365 1125 nullum
1389 1097 1478 1125 rem

86 1146 308 1188 militarem
340 1146 525 1187 ducalius
557 1146 877 1200 administrasse,
914 1146 1048 1186 studia
1079 1147 1266 1186 certatim
1298 1145 1479 1186 dictandi

90 1207 379 1261 lectitandique
412 1207 492 1247 sibi
528 1212 670 1248 mutuo
702 1207 969 1247 vindicavere.
1028 1211 1069 1246 et
1099 1206 1196 1247 licet
1228 1208 1272 1246 in
1303 1219 1478 1260 persona

89 1269 213 1309 unius
256 1268 521 1321 eiusdemque
564 1273 748 1321 tempore
794 1280 867 1308 suo
904 1268 1104 1321 principis
1141 1268 1220 1307 viri
1256 1269 1478 1308 castrensis
1498 1282 1535 1309 15

88 1330 372 1382 oratoriaeque
404 1329 598 1369 scientiae
630 1340 727 1369 cura
765 1329 983 1368 certaverit
1019 1328 1147 1368 ferme
1180 1327 1307 1381 gloria
1338 1329 1479 1381 aequi-

89 1390 198 1443 pari,
235 1389 344 1429 idem
380 1393 518 1429 tamen
555 1401 776 1442 numquam
806 1401 858 1436 se
897 1390 997 1428 satis
1035 1388 1151 1429 duxit
1181 1390 1225 1428 in
1262 1390 1478 1442 utriusque

87 1451 191 1490 artis
229 1462 323 1490 arce
362 1450 649 1503 compositum,
686 1450 924 1502 priusquam
961 1450 1088 1489 vestri
1118 1449 1324 1502 Arpinatis
1362 1451 1479 1490 testi-

89 1512 227 1550 monio
259 1510 409 1550 ceteris
440 1509 679 1550 mortalibus
711 1509 991 1549 anteferretur.
1043 1507 1083 1550 2.
1116 1509 1224 1562 quod
1250 1509 1351 1549 mihi
1377 1522 1477 1563 quo-

90 1583 184 1624 que,
216 1572 252 1611 si
277 1582 399 1624 parva
424 1571 582 1623 magnis
607 1582 850 1622 componere
875 1569 984 1622 licet,
1016 1569 1239 1610 secundum
1265 1570 1476 1611 modulum
1495 1585 1533 1611 20

90 1643 228 1672 meum
273 1642 517 1684 quamquam
560 1629 831 1671 dissimillimo
878 1629 1066 1670 similiter
1115 1631 1299 1670 accessit.
1374 1643 1477 1683 quae

88 1698 218 1745 super
260 1696 429 1732 cunctos
466 1695 507 1731 te
546 1703 667 1744 quam
710 1692 888 1744 primum
926 1689 1063 1730 decuit
1100 1702 1339 1744 agnoscere,
1383 1692 1479 1743 quia

90 1752 168 1793 tihi
199 1758 263 1793 est
293 1757 376 1792 tam
408 1750 534 1804 gloria
566 1764 656 1791 mea
682 1763 801 1804 quam
827 1750 1071 1790 verecundia
1096 1750 1316 1803 plurimum
1343 1763 1479 1792 curae.

91 1812 253 1853 Flavius
285 1812 485 1866 Nicetius,
529 1813 592 1851 vir
629 1816 721 1852 ortu
758 1811 1028 1865 clarissimus,
1070 1810 1282 1864 privilegio
1322 1816 1481 1864 specta-

92 1873 206 1927 bilis,
249 1875 396 1913 merito
435 1872 620 1912 inlustris
664 1877 705 1912 et
741 1871 952 1912 hominum
989 1873 1143 1924 patriae
1182 1876 1344 1911 nostrae
1380 1884 1478 1924 pru-
1498 1886 1535 1913 25

91 1933 231 1975 dentia
255 1934 482 1987 peritiaque
510 1934 620 1972 iuxta
645 1945 870 1986 maxumus,
896 1933 1125 1986 praeconiO,
1151 1937 1346 1988 quantum
1369 1944 1479 1972 com-

93 1996 197 2050 peri,
221 1996 419 2035 immenso
445 1994 671 2046 praesentis
692 1993 877 2047 opusculi
895 1992 1098 2034 volumina
1118 1989 1482 2046 extollit,’insuper

93 2054 355 2108 praedicans,
398 2053 503 2107 quod
549 2053 746 2107 plurimos
791 2055 983 2095 iuvenum
1025 2066 1101 2094 nec
1147 2065 1291 2094 senum
1327 2065 1479 2105 paucos

94 2117 205 2156 vario
250 2127 399 2169 genere
444 2114 623 2154 dictandi
665 2114 966 2168 militandique,
1011 2116 1160 2167 quippe
1207 2113 1337 2153 adbuc
1381 2125 1479 2153 aevo

94 2176 250 2230 viridis,
286 2177 374 2229 ipse
408 2176 485 2215 sim
519 2187 820 2228 supergressus.
885 2173 924 2215 3.
957 2174 1164 2228 equidem,
1202 2175 1245 2214 in
1283 2179 1478 2226 quantum
1497 2189 1537 2216 so

195 2319 216 2352 1
242 2318 282 2353 te
307 2321 394 2353 ante
418 2326 616 2362 superesse
647 2327 715 2353 om.
739 2316 809 2353 CT
837 2318 850 2363 Β
883 2320 926 2351 11
953 2314 1164 2351 nammatio
1191 2315 1242 2350 M
1249 2315 1281 2351 0
1307 2319 1341 2352 et
1369 2316 1479 2360 (corr.

92 2376 143 2402 ex
166 2364 405 2401 nammautio
430 2369 474 2401 ut
498 2364 573 2401 vid,
597 2363 708 2411 T¹)T
722 2366 736 2411 Ι
756 2367 800 2400 22
826 2364 991 2410 primum
1010 2375 1079 2401 om.
1103 2363 1227 2410 01123
1253 2364 1335 2399 tam
1360 2374 1429 2401 om.
1454 2362 1487 2400 0

98 2413 106 2460 J
134 2412 358 2461 plurimum]
385 2413 551 2460 primum
580 2412 612 2449 Ο
625 2415 638 2459 ss

171 2480 401 2508 Arouauunxs
421 2480 469 2507 ed.
488 2479 606 2507 §Iohia
1218 2477 1261 2508 12
