1592 2612
149 132 235 174 112
636 125 784 162 Lmen
810 122 1036 168 QUmTUs.

145 231 337 272 adhiberi.
401 228 440 271 6.
474 229 537 268 his
575 226 758 268 moribus
798 225 976 266 obruunt
1006 226 1139 264 virum
1177 235 1260 267 non
1291 222 1427 264 miuus
1458 221 1530 263 bo·

144 294 267 332 nitate
301 303 420 344 quam
452 293 650 342 potestate
682 291 967 340 praestantem.
1026 284 1097 325 sed
1132 283 1230 337 quid
1262 283 1383 325 faciat
1412 295 1532 337 unus,

144 353 321 405 undique
342 355 535 391 venenato
557 348 724 388 vallatus
753 342 1006 399 interprete?
1045 344 1155 399 quid,
1187 345 1367 399 inquam,
1398 343 1531 398 faciat,

73 436 76 439 ·
146 414 211 454 cui
243 417 383 452 natura
416 422 508 451 cum
545 409 681 462 bonis,
726 409 806 448 vita
846 419 938 447 cum
976 405 1093 446 malis
1133 402 1224 446 est?
1275 403 1324 445 ad
1357 416 1533 458 quorum

109 487 127 514 5
147 472 312 513 consilia
337 470 517 511 Phalaris
551 470 758 510 cruentior
782 467 889 508 Mida
921 466 1120 520 cupidior,
1151 466 1287 507 Ancus
1319 466 1534 507 iactantior

146 533 388 586 Tarquinius
416 530 641 584 superbior,
674 528 862 569 Tiberius
890 527 1074 568 callidior
1101 526 1224 567 Gaius
1249 525 1532 579 periculosior,

146 593 334 634 Claudius
368 591 577 631 socordior
603 589 709 630 Nero
743 590 953 642 impurior,
986 587 1110 628 Galba
1142 588 1299 628 avarior
1325 585 1430 627 Otho
1463 598 1534 627 au-

146 654 294 706 dacior,
329 651 511 692 Vitellius
546 651 822 703 sumptuosior
853 649 1106 690 Domitianus
1138 645 1410 688 truculentior
1441 646 1533 689 red-

146 714 321 754 deretur.
398 711 436 753 7.
483 724 597 765 sane,
649 710 755 763 quod
799 709 1081 763 principaliter
1128 708 1314 749 medetur
1358 707 1534 761 afflictis,

92 790 126 816 10
145 778 342 826 temperat
386 772 662 813 Lucumonem
713 775 898 811 nostrum
950 768 1147 822 Tanaquil
1197 781 1271 809 sua
1320 773 1362 809 et
1411 779 1532 810 aures

144 835 279 874 mariti
329 834 462 873 virosa
513 844 780 873 susurronum
831 831 943 872 faece
989 829 1211 883 completas
1255 830 1531 883 oportunitate

146 894 241 934 salsi
273 895 474 934 sermonis
517 893 717 933 eruderat.
782 894 898 932 cuius
933 891 1067 932 studio
1102 888 1289 943 [factum]
1324 891 1430 930 scire
1461 901 1534 930 vos

144 967 216 1007 par
249 959 310 994 est
340 953 441 994 nihil
467 955 631 994 interim
658 954 787 1006 quieti
813 953 984 993 fratrum
1012 952 1289 992 communium
1314 949 1420 1004 apud
1446 950 1532 991 ani-

145 1027 255 1055 mum
306 1016 530 1055 communis
581 1015 741 1067 patroni
791 1014 998 1053 iuniorum
1043 1011 1326 1065 Cibyratarum
1376 1022 1532 1051 venena

93 1091 125 1117 15
147 1076 333 1115 nocuisse
378 1087 510 1127 neque
562 1076 777 1127 quicquam
829 1074 904 1114 deo
950 1074 1198 1126 propitiante
1242 1073 1446 1125 nocitura,
1498 1072 1535 1111 si

146 1135 276 1189 1n0d0,
303 1135 492 1187 quamdiu
518 1147 709 1188 praesens
737 1139 917 1187 potestas
938 1133 1252 1187 Lugdunensem
1273 1131 1534 1174 Germaniam

146 1197 263 1249 regit,
300 1200 481 1236 nostrum
522 1208 720 1248 suumque
754 1194 1043 1236 Germanicum
1080 1205 1276 1247 praesens
1308 1193 1530 1246 Agrippina

146 1256 388 1296 moderetur.
452 1255 547 1296 vale.

774 1396 895 1441 VIII.

370 1479 597 1517 SIDONIUS
625 1479 906 1518 SECUND1N0
936 1479 1029 1516 SUO
1059 1478 1305 1516 SALUTEM.

94 1572 128 1598 20
242 1556 278 1597 1.
310 1557 386 1597 Diu
418 1557 582 1610 quidem
614 1562 687 1611 est,
721 1557 827 1610 quod
860 1562 900 1597 te
933 1558 1180 1598 hexametris
1206 1555 1446 1599 familiarius
1471 1557 1534 1596 in-

149 1619 390 1657 servientem
431 1623 639 1671 stupentes
683 1618 1045 1671 praedicantesque
1088 1617 1381 1658 lectitabamus.
1445 1621 1534 1658 erat

149 1677 347 1730 siquidem
379 1680 546 1718 materia
578 1678 769 1732 iucunda,
812 1691 885 1719 seu
922 1677 1124 1731 nuptiales
1156 1677 1233 1718 tibi
1263 1677 1533 1719 thalamorum

148 1738 254 1778 faces
300 1740 382 1778 sive
426 1739 631 1791 perfossae
673 1740 797 1791 regiis
844 1738 993 1779 ictibus
1035 1739 1143 1779 ferae
1188 1737 1533 1779 describerentur.

149 1798 219 1837 sed
259 1798 486 1851 triplicibus
525 1798 726 1839 trochaeis
764 1812 895 1852 nuper
932 1801 974 1840 in
1015 1804 1191 1839 metrum
1228 1797 1530 1851 hendecasylla-

95 1872 128 1898 25
148 1858 244 1898 bum
289 1860 577 1911 compaginatis
615 1859 732 1913 nihil,
777 1872 827 1900 ne
869 1865 939 1900 tuo
982 1860 1146 1913 quidem
1184 1858 1354 1912 iudicio,
1400 1857 1532 1899 simile

148 1919 290 1958 fecisti.
342 1917 380 1959 2.
415 1919 514 1959 deus
546 1919 663 1972 bone,
696 1919 793 1971 quid
825 1919 907 1960 illic
940 1922 1075 1960 inesse
1106 1919 1212 1960 fellis
1238 1918 1391 1972 leporis
1418 1919 1532 1972 pipe-

148 1984 337 2031 rataeque
382 1979 589 2019 facundiae
641 1981 807 2020 minime
852 1982 998 2020 tacitus
1043 1978 1220 2034 inspexi!
1299 1980 1382 2020 nisi
1426 1978 1534 2032 quod

149 2039 339 2079 ferventis
369 2039 523 2079 fulmen
555 2041 708 2091 ingenii
740 2045 780 2080 et
813 2040 964 2093 eloquii
997 2040 1101 2081 salsa
1127 2040 1295 2081 libertas
1321 2039 1413 2093 plus
1439 2051 1533 2092 per-

151 2101 260 2138 sonis
293 2099 395 2139 forte
429 2112 549 2152 quam
582 2101 714 2140 causis
741 2100 1084 2155 impediebantur3
1117 2106 1162 2141 ut
1194 2100 1295 2141 mihi
1325 2112 1407 2140 non
1431 2100 1534 2152 figu-

96 2172 131 2199 30
150 2160 275 2198 ratius
296 2159 549 2200 Constantini
581 2160 744 2200 domum
776 2162 977 2214 vitamque
1011 2162 1196 2202 videatur
1221 2160 1286 2201 vel
1310 2161 1532 2214 pupugisse

251 2314 291 2345 11
319 2311 486 2356 repletas
514 2312 548 2347 T
576 2313 588 2359 Η
623 2315 665 2347 12
692 2311 783 2348 falsi
809 2312 897 2348 ΜΤ
917 2315 922 2359 Ι
944 2312 1091 2349 factum
1118 2313 1250 2359 LNG,
1282 2324 1352 2351 om.
1379 2312 1425 2357 V,
1450 2323 1479 2349 s.
1507 2312 1531 2348 l.

151 2358 237 2394 add.
265 2358 315 2393 M
321 2359 398 2405 ¹T2,
424 2361 505 2396 secl.
533 2359 719 2397 Sirmond.
751 2362 764 2407 u
796 2364 841 2397 26
868 2361 970 2397 fellis
996 2362 1086 2398 LN
1098 2362 1185 2408 VT,
1213 2361 1275 2398 vel
1300 2359 1426 2397 mellis
1451 2371 1480 2397 s.
1508 2360 1533 2397 Ζ.

150 2407 236 2443 add.
266 2407 327 2451 T‘,
352 2407 477 2443 mellis
506 2408 537 2444 G
557 2413 591 2445 et
616 2409 659 2445 in
683 2420 756 2445 ras.
778 2409 842 2444 M²
860 2411 872 2455 ΙΙ
