1592 2612
233 143 462 183 SIDONIUS
485 143 682 181 DOMINO
707 143 871 180 PAPAE
895 142 1028 180 LUPO
1055 141 1297 180 SALUTEM.
1365 141 1452 184 217

78 248 196 301 verit,
225 245 385 288 saeculo
409 245 664 300 praedicatus
689 249 773 299 tuo,
799 243 1090 285 desiderandus
1115 243 1259 298 alieno⁷
1283 247 1456 296 utraque

79 306 292 348 laudabilis
322 307 479 348 actione
511 305 683 346 decedas
713 310 754 346 te
786 304 1003 345 relicturus
1036 306 1226 358 externis,
1263 308 1332 344 tua
1362 315 1455 356 pro—

21 410 23 414 ,
78 368 212 408 ximis.
273 379 428 408 memor
457 367 588 407 nostri
619 378 708 406 esse
741 366 919 420 dignare,
951 365 1257 418 dominepapa.

737 531 789 575 X.

154 613 381 652 SIDONIUS
405 613 602 663 DOMINO
628 614 790 650 PAPAE
815 612 1114 649 APRUNCULO
1141 612 1384 650 SALUTEM.

175 689 212 732 1.
243 690 434 732 Reddidit
457 691 532 731 tibi
559 690 751 744 epistulas
777 703 899 744 meas,
925 702 1044 743 quem
1070 689 1170 729 mihi
1195 694 1285 730 tuas
1311 690 1456 730 offerre
1494 702 1514 729 5

80 764 155 805 par
197 751 348 806 fuerat3
398 764 491 791 nam
534 751 659 791 frater
702 756 841 791 noster
885 750 1107 791 Caelestius
1150 762 1281 803 nuper
1324 750 1373 790 ad
1416 755 1456 790 te

82 824 270 852 reversus
296 811 346 852 de
371 811 595 852 Biterrensi
621 811 821 864 quoddam
846 811 946 851 mihi
978 823 1100 863 super
1131 815 1237 850 statu
1267 810 1459 850 Iniuriosi

83 873 213 912 nostri
256 871 461 912 vinculum
505 873 700 912 cessionis
746 871 894 912 elicuit.
958 871 1065 924 quod
1111 870 1275 923 quidem
1312 872 1458 923 scripsi

80 944 163 973 non
205 933 340 973 minus
378 937 447 973 tua
487 932 728 972 verecundia
759 932 910 972 fractus
944 943 1062 984 quam
1094 930 1315 985 voluntate3
1347 943 1458 971 nam-

81 1005 159 1046 que
185 1005 260 1032 nos
285 991 392 1033 ultro
418 997 552 1032 vestro
573 992 719 1045 pudori
745 993 861 1045 quasi
887 991 1127 1044 quibusdam
1152 991 1323 1044 pedihus
1343 991 1457 1031 obse·
1479 1004 1514 1030 10

81 1053 167 1106 quii
210 1052 347 1093 decuit
392 1064 618 1093 occurrere.
681 1051 720 1093 2.
767 1053 956 1105 quocirca
999 1064 1063 1091 me
1103 1064 1262 1105 quoque
1301 1050 1457 1092 volente

81 1112 245 1166 posside
276 1111 495 1167 indultum,
528 1112 599 1152 sed
630 1112 852 1153 liberaliter
889 1107 985 1167 (nec
1022 1113 1148 1165 enim,
1186 1116 1231 1152 ut
1262 1113 1459 1166 suspicor,

81 1172 174 1226 plus
206 1171 358 1226 aliquid
389 1172 465 1213 hoc
498 1185 645 1226 genere
688 1172 827 1213 solacii
858 1171 920 1213 vel
958 1173 1045 1225 ipse
1078 1168 1306 1228 quaesisti),
1339 1184 1459 1225 quem

79 1232 228 1274 litteris
267 1234 358 1273 istis
401 1245 483 1273 non
522 1233 874 1273 commendatoriis
912 1234 1048 1273 minus
1088 1241 1207 1285 quam
1245 1232 1456 1272 refusoriis

80 1294 160 1334 iam
203 1292 383 1347 placatus
427 1294 612 1347 insinuo3
657 1295 716 1334 sic
758 1298 912 1347 tamen,
955 1298 1000 1333 ut
1040 1292 1115 1333 tibi
1160 1294 1339 1347 assistat,
1382 1292 1513 1332 tibiis

80 1358 238 1408 pareat,
295 1358 335 1393 te
390 1358 582 1406 sequatur
632 1358 750 1406 atque
806 1358 869 1406 ut,
922 1354 957 1393 si
999 1354 1269 1406 permanserit
1311 1358 1458 1407 tecum,

80 1415 216 1454 neutri
264 1418 449 1453 nostrum
493 1413 695 1453 iudicetur
745 1413 935 1467 famulus,
979 1414 1014 1454 si
1065 1414 1181 1453 forte·
1213 1413 1458 1466 discesserit,

82 1478 298 1526 quaeratur
329 1474 490 1526 utrique
524 1474 726 1525 fugitivus.
764 1480 944 1513 'memor
983 1475 1113 1513 nostri
1151 1486 1241 1514 esse
1280 1473 1458 1527 dignare,

84 1533 246 1574 domine
278 1545 390 1586 papa.

731 1661 805 1705 XI.

239 1743 468 1781 SIDONIUS
493 1743 697 1801 DOMINO
715 1743 877 1780 PAPAE
903 1743 1033 1780 LUPO
1061 1743 1303 1780 SALUTEM.
1478 1756 1515 1782 20

174 1819 212 1862 1.
256 1820 427 1874 Propter
467 1820 664 1875 libellum,
703 1833 823 1874 quem
868 1833 948 1861 non
989 1821 1037 1861 ad
1076 1833 1145 1861 vos
1177 1822 1304 1873 magis
1339 1833 1458 1873 quam

82 1894 156 1935 per
195 1893 265 1922 vos
303 1883 471 1921 missum
509 1883 699 1935 putastis,
737 1881 950 1934 epistulam
987 1886 1162 1921 vestram
1199 1893 1280 1920 non
1313 1881 1361 1920 ad
1394 1893 1457 1921 me

83 1943 210 1995 magis
231 1954 350 1995 quam
377 1943 418 1981 in
445 1953 508 1981 me
536 1943 727 1994 scriptam
752 1943 900 1995 recepi.
952 1941 1000 1981 ad
1034 1940 1273 1993 exprobrata
1292 1953 1458 1994 respon-

72 2001 158 2046 .deo
190 2014 263 2055 pro
296 2003 494 2055 aequitate
534 2014 694 2055 causae,
733 2014 813 2041 non
854 2014 927 2054 pro
966 2001 1204 2054 aequalitate
1238 2000 1456 2042 facundiae.

85 2074 324 2115 quamquam
360 2063 451 2114 quis
483 2073 590 2102 nunc
622 2074 695 2114 ego
728 2067 796 2102 aut
822 2066 1007 2115 quantus,
1041 2063 1110 2114 qui
1143 2073 1259 2114 agere
1292 2073 1456 2113 praesu·
1478 2073 1514 2101 25

84 2134 191 2162 mam
237 2122 351 2162 vobis
395 2121 686 2174 imputantibus
727 2119 1013 2162 innocentem?
1076 2123 1264 2174 quocirca
1313 2120 1459 2162 delicto

85 2181 192 2236 huic,
225 2181 634 2235 quantulumcumque
666 2186 740 2235 est,
772 2183 877 2222 inter
902 2183 1101 2235 principia
1128 2181 1340 2221 confestim
1367 2194 1459 2235 sup-

86 2241 192 2295 plico
226 2243 394 2296 ignosci,
427 2241 671 2282 diffidentiae
705 2247 872 2296 tantuin,
898 2254 977 2282 non
1011 2247 1051 2281 et
1084 2240 1295 2294 superbiae
1329 2241 1458 2282 fassus

184 2373 206 2404 5
230 2369 399 2406 reddidit
424 2370 552 2417 vulyo,
583 2369 733 2405 reddidi
764 2371 867 2407 codd.
903 2372 908 2413 Ι
941 2373 1023 2416 post
1048 2380 1150 2405 meas
1176 2370 1241 2417 leq.
1268 2368 1341 2404 tibi
1373 2369 1459 2406 dico

85 2417 129 2453 in
154 2417 192 2453 P
207 2419 219 2464 ΙΙ
237 2421 283 2455 27
310 2418 657 2463 quantulocumque
678 2418 719 2454 F
739 2422 745 2465 1
768 2420 826 2454 est
851 2429 877 2455 s.
906 2418 928 2454 l.
956 2418 1043 2454 add.
1064 2417 1115 2453 P¹
1134 2419 1147 2464 ΙΙ
1166 2420 1212 2453 28
1239 2418 1278 2454 et
1301 2429 1378 2455 non
1402 2418 1432 2455 Ο
1447 2419 1459 2464 ll
