<?xml version="1.0" encoding="UTF-8"?>
<!DOCTYPE html PUBLIC "-//W3C//DTD XHTML 1.0 Transitional//EN"
    "http://www.w3.org/TR/xhtml1/DTD/xhtml1-transitional.dtd">
<html xmlns="http://www.w3.org/1999/xhtml" xml:lang="en" lang="en">
 <head>
  <title>
</title>
<meta http-equiv="Content-Type" content="text/html;charset=utf-8" />
  <meta name='ocr-system' content='tesseract 3.04.00' />
  <meta name='ocr-capabilities' content='ocr_page ocr_carea ocr_par ocr_line ocrx_word'/>
</head>
<body>
  <div class='ocr_page' id='page_1' title='image "./csolliusapollina00sidouoft_0136.png"; bbox 0 0 1592 2612; ppageno 0'>
   <div class='ocr_carea' id='block_1_1' title="bbox 114 107 1004 160">
    <p class='ocr_par' dir='ltr' id='par_1_1' title="bbox 114 107 1004 160">
     <span class='ocr_line' id='line_1_1' title="bbox 114 107 1004 160; baseline -0.007 -10"><span class='ocrx_word' id='word_1_1' title='bbox 114 117 173 160; x_wconf 86' lang='lat'><strong>84</strong></span> <span class='ocrx_word' id='word_1_2' title='bbox 593 110 740 147; x_wconf 80' lang='lat' dir='ltr'>LIBER</span> <span class='ocrx_word' id='word_1_3' title='bbox 765 107 1004 153; x_wconf 67' lang='lat' dir='ltr'><strong>QUARTUS.</strong></span> 
     </span>
    </p>
   </div>
   <div class='ocr_carea' id='block_1_2' title="bbox 112 207 1495 331">
    <p class='ocr_par' dir='ltr' id='par_1_2' title="bbox 112 207 1495 331">
     <span class='ocr_line' id='line_1_2' title="bbox 112 207 1495 270; baseline -0.007 -12"><span class='ocrx_word' id='word_1_4' title='bbox 112 218 239 258; x_wconf 85' lang='lat' dir='ltr'>redux</span> <span class='ocrx_word' id='word_1_5' title='bbox 279 220 472 270; x_wconf 91' lang='lat' dir='ltr'><strong>patronus</strong></span> <span class='ocrx_word' id='word_1_6' title='bbox 511 212 734 265; x_wconf 81' lang='lat' dir='ltr'>indulgeat,</span> <span class='ocrx_word' id='word_1_7' title='bbox 779 209 1019 263; x_wconf 80' lang='lat' dir='ltr'><strong>advolaturi,</strong></span> <span class='ocrx_word' id='word_1_8' title='bbox 1063 213 1107 249; x_wconf 91' lang='lat' dir='ltr'><strong>ut</strong></span> <span class='ocrx_word' id='word_1_9' title='bbox 1148 207 1271 249; x_wconf 90' lang='lat' dir='ltr'><strong>rebus</strong></span> <span class='ocrx_word' id='word_1_10' title='bbox 1313 209 1495 250; x_wconf 85' lang='lat' dir='ltr'><strong>amicitia</strong></span> 
     </span>
     <span class='ocr_line' id='line_1_3' title="bbox 113 267 1370 331; baseline -0.008 -12"><span class='ocrx_word' id='word_1_11' title='bbox 113 282 331 331; x_wconf 73' lang='lat' dir='ltr'><strong>vegetetur,</strong></span> <span class='ocrx_word' id='word_1_12' title='bbox 364 287 463 328; x_wconf 90' lang='lat' dir='ltr'><strong>quae</strong></span> <span class='ocrx_word' id='word_1_13' title='bbox 495 273 629 313; x_wconf 89' lang='lat' dir='ltr'><strong>verbis</strong></span> <span class='ocrx_word' id='word_1_14' title='bbox 662 272 958 324; x_wconf 82' lang='lat' dir='ltr'><strong>infrequentata</strong></span> <span class='ocrx_word' id='word_1_15' title='bbox 990 274 1208 323; x_wconf 84' lang='lat' dir='ltr'><strong>torpuerat.</strong></span> <span class='ocrx_word' id='word_1_16' title='bbox 1271 267 1370 309; x_wconf 87' lang='lat' dir='ltr'><strong>vale.</strong></span> 
     </span>
    </p>
   </div>
   <div class='ocr_carea' id='block_1_3' title="bbox 372 436 1233 560">
    <p class='ocr_par' dir='ltr' id='par_1_3' title="bbox 372 436 1233 560">
     <span class='ocr_line' id='line_1_4' title="bbox 765 436 840 480; baseline -0.013 0"><span class='ocrx_word' id='word_1_17' title='bbox 765 436 840 480; x_wconf 91' lang='lat' dir='ltr'><strong>XI.</strong></span> 
     </span>
     <span class='ocr_line' id='line_1_5' title="bbox 372 518 1233 560; baseline -0.006 0"><span class='ocrx_word' id='word_1_18' title='bbox 372 522 599 560; x_wconf 83' lang='lat' dir='ltr'>SIDONIUS</span> <span class='ocrx_word' id='word_1_19' title='bbox 626 519 839 557; x_wconf 82' lang='lat' dir='ltr'>PETREIO</span> <span class='ocrx_word' id='word_1_20' title='bbox 868 518 960 555; x_wconf 87' lang='lat' dir='ltr'><strong>SUO</strong></span> <span class='ocrx_word' id='word_1_21' title='bbox 989 518 1233 556; x_wconf 86' lang='lat' dir='ltr'><strong>SALUTEM.</strong></span> 
     </span>
    </p>
   </div>
   <div class='ocr_carea' id='block_1_4' title="bbox 59 595 1500 2165">
    <p class='ocr_par' dir='ltr' id='par_1_4' title="bbox 208 595 1493 653">
     <span class='ocr_line' id='line_1_6' title="bbox 208 595 1493 653; baseline -0.004 -11"><span class='ocrx_word' id='word_1_22' title='bbox 208 600 245 642; x_wconf 87' lang='lat'><strong>1.</strong></span> <span class='ocrx_word' id='word_1_23' title='bbox 277 601 396 653; x_wconf 82' lang='lat' dir='ltr'><strong>Angit</strong></span> <span class='ocrx_word' id='word_1_24' title='bbox 426 612 490 640; x_wconf 89' lang='lat' dir='ltr'><strong>me</strong></span> <span class='ocrx_word' id='word_1_25' title='bbox 523 600 644 639; x_wconf 91' lang='lat' dir='ltr'><strong>nimis</strong></span> <span class='ocrx_word' id='word_1_26' title='bbox 678 598 868 638; x_wconf 88' lang='lat' dir='ltr'><strong>damnum</strong></span> <span class='ocrx_word' id='word_1_27' title='bbox 901 595 1052 636; x_wconf 89' lang='lat' dir='ltr'><strong>saeculi</strong></span> <span class='ocrx_word' id='word_1_28' title='bbox 1083 597 1164 636; x_wconf 90' lang='lat' dir='ltr'><strong>mei</strong></span> <span class='ocrx_word' id='word_1_29' title='bbox 1189 608 1320 649; x_wconf 90' lang='lat' dir='ltr'><strong>nuper</strong></span> <span class='ocrx_word' id='word_1_30' title='bbox 1353 601 1493 650; x_wconf 89' lang='lat' dir='ltr'><strong>erepto</strong></span> 
     </span>
    </p>

    <p class='ocr_par' dir='ltr' id='par_1_5' title="bbox 59 656 1500 2165">
     <span class='ocr_line' id='line_1_7' title="bbox 79 656 1495 711; baseline -0.002 -10"><span class='ocrx_word' id='word_1_31' title='bbox 79 674 96 701; x_wconf 84' lang='lat'>5</span> <span class='ocrx_word' id='word_1_32' title='bbox 116 661 308 703; x_wconf 90' lang='lat' dir='ltr'><strong>avunculo</strong></span> <span class='ocrx_word' id='word_1_33' title='bbox 341 666 410 701; x_wconf 90' lang='lat' dir='ltr'><strong>tuo</strong></span> <span class='ocrx_word' id='word_1_34' title='bbox 443 659 660 700; x_wconf 88' lang='lat' dir='ltr'><strong>Claudiano</strong></span> <span class='ocrx_word' id='word_1_35' title='bbox 700 658 827 699; x_wconf 91' lang='lat' dir='ltr'><strong>oculis</strong></span> <span class='ocrx_word' id='word_1_36' title='bbox 861 658 1030 711; x_wconf 91' lang='lat' dir='ltr'><strong>nostris,</strong></span> <span class='ocrx_word' id='word_1_37' title='bbox 1068 656 1226 710; x_wconf 87' lang='lat' dir='ltr'><strong>ambigo</strong></span> <span class='ocrx_word' id='word_1_38' title='bbox 1266 669 1317 697; x_wconf 89' lang='lat' dir='ltr'><strong>an</strong></span> <span class='ocrx_word' id='word_1_39' title='bbox 1356 669 1495 710; x_wconf 83' lang='lat' dir='ltr'><strong>quem-</strong></span> 
     </span>
     <span class='ocr_line' id='line_1_8' title="bbox 112 717 1496 776; baseline -0.004 -13"><span class='ocrx_word' id='word_1_40' title='bbox 112 725 218 776; x_wconf 86' lang='lat' dir='ltr'><strong>piam</strong></span> <span class='ocrx_word' id='word_1_41' title='bbox 245 722 433 774; x_wconf 84' lang='lat' dir='ltr'><strong>deinceps</strong></span> <span class='ocrx_word' id='word_1_42' title='bbox 459 733 599 773; x_wconf 90' lang='lat' dir='ltr'><strong>parem</strong></span> <span class='ocrx_word' id='word_1_43' title='bbox 628 719 934 772; x_wconf 82' lang='lat' dir='ltr'><strong>conspicaturis.</strong></span> <span class='ocrx_word' id='word_1_44' title='bbox 986 719 1047 757; x_wconf 92' lang='lat' dir='ltr'><strong>vir</strong></span> <span class='ocrx_word' id='word_1_45' title='bbox 1074 717 1277 770; x_wconf 87' lang='lat' dir='ltr'><strong>siquidem</strong></span> <span class='ocrx_word' id='word_1_46' title='bbox 1301 717 1379 758; x_wconf 91' lang='lat' dir='ltr'><strong>fuit</strong></span> <span class='ocrx_word' id='word_1_47' title='bbox 1402 729 1496 771; x_wconf 90' lang='lat' dir='ltr'><strong>pro-</strong></span> 
     </span>
     <span class='ocr_line' id='line_1_9' title="bbox 112 777 1498 836; baseline -0.004 -13"><span class='ocrx_word' id='word_1_48' title='bbox 112 783 228 823; x_wconf 85' lang='lat' dir='ltr'><strong>vidus</strong></span> <span class='ocrx_word' id='word_1_49' title='bbox 260 782 450 836; x_wconf 87' lang='lat' dir='ltr'><strong>prudens,</strong></span> <span class='ocrx_word' id='word_1_50' title='bbox 483 781 624 821; x_wconf 89' lang='lat' dir='ltr'><strong>doctus</strong></span> <span class='ocrx_word' id='word_1_51' title='bbox 657 779 851 832; x_wconf 91' lang='lat' dir='ltr'><strong>eloquens</strong></span> <span class='ocrx_word' id='word_1_52' title='bbox 885 791 978 819; x_wconf 91' lang='lat' dir='ltr'><strong>acer</strong></span> <span class='ocrx_word' id='word_1_53' title='bbox 1004 783 1043 818; x_wconf 89' lang='lat' dir='ltr'><strong>et</strong></span> <span class='ocrx_word' id='word_1_54' title='bbox 1068 778 1279 819; x_wconf 91' lang='lat' dir='ltr'><strong>hominum</strong></span> <span class='ocrx_word' id='word_1_55' title='bbox 1304 779 1393 818; x_wconf 88' lang='lat' dir='ltr'><strong>aevi</strong></span> <span class='ocrx_word' id='word_1_56' title='bbox 1417 777 1498 819; x_wconf 91' lang='lat' dir='ltr'><strong>loci</strong></span> 
     </span>
     <span class='ocr_line' id='line_1_10' title="bbox 112 838 1497 897; baseline -0.003 -14"><span class='ocrx_word' id='word_1_57' title='bbox 112 842 250 897; x_wconf 91' lang='lat' dir='ltr'><strong>populi</strong></span> <span class='ocrx_word' id='word_1_58' title='bbox 283 844 345 883; x_wconf 89' lang='lat' dir='ltr'><strong>sui</strong></span> <span class='ocrx_word' id='word_1_59' title='bbox 376 842 730 894; x_wconf 85' lang='lat' dir='ltr'><strong>ingeniosissimus</strong></span> <span class='ocrx_word' id='word_1_60' title='bbox 770 841 919 893; x_wconf 89' lang='lat' dir='ltr'><strong>quique</strong></span> <span class='ocrx_word' id='word_1_61' title='bbox 952 839 1231 879; x_wconf 89' lang='lat' dir='ltr'><strong>indesinenter</strong></span> <span class='ocrx_word' id='word_1_62' title='bbox 1263 838 1372 879; x_wconf 90' lang='lat' dir='ltr'><strong>salva</strong></span> <span class='ocrx_word' id='word_1_63' title='bbox 1402 838 1497 879; x_wconf 91' lang='lat' dir='ltr'><strong>reli-</strong></span> 
     </span>
     <span class='ocr_line' id='line_1_11' title="bbox 115 898 1498 957; baseline -0.002 -14"><span class='ocrx_word' id='word_1_64' title='bbox 115 905 231 957; x_wconf 88' lang='lat' dir='ltr'><strong>gione</strong></span> <span class='ocrx_word' id='word_1_65' title='bbox 275 902 648 956; x_wconf 83' lang='lat' dir='ltr'><strong>philosopharetur3</strong></span> <span class='ocrx_word' id='word_1_66' title='bbox 701 906 741 941; x_wconf 92' lang='lat' dir='ltr'><strong>et</strong></span> <span class='ocrx_word' id='word_1_67' title='bbox 785 900 879 941; x_wconf 89' lang='lat' dir='ltr'><strong>licet</strong></span> <span class='ocrx_word' id='word_1_68' title='bbox 924 901 1079 941; x_wconf 91' lang='lat' dir='ltr'><strong>crinem</strong></span> <span class='ocrx_word' id='word_1_69' title='bbox 1123 898 1371 953; x_wconf 88' lang='lat' dir='ltr'><strong>barbamque</strong></span> <span class='ocrx_word' id='word_1_70' title='bbox 1415 912 1498 940; x_wconf 92' lang='lat' dir='ltr'><strong>non</strong></span> 
     </span>
     <span class='ocr_line' id='line_1_12' title="bbox 59 959 1498 1017; baseline 0 -17"><span class='ocrx_word' id='word_1_71' title='bbox 59 974 94 1000; x_wconf 90' lang='lat'><strong>10</strong></span> <span class='ocrx_word' id='word_1_72' title='bbox 113 968 307 1017; x_wconf 89' lang='lat' dir='ltr'><strong>pasceret,</strong></span> <span class='ocrx_word' id='word_1_73' title='bbox 350 962 515 1016; x_wconf 89' lang='lat' dir='ltr'><strong>pallium</strong></span> <span class='ocrx_word' id='word_1_74' title='bbox 560 967 600 1002; x_wconf 88' lang='lat' dir='ltr'><strong>et</strong></span> <span class='ocrx_word' id='word_1_75' title='bbox 637 961 788 1002; x_wconf 90' lang='lat' dir='ltr'><strong>clavam</strong></span> <span class='ocrx_word' id='word_1_76' title='bbox 827 973 935 1001; x_wconf 89' lang='lat' dir='ltr'><strong>nunc</strong></span> <span class='ocrx_word' id='word_1_77' title='bbox 973 959 1183 1015; x_wconf 89' lang='lat' dir='ltr'><strong>inrideret,</strong></span> <span class='ocrx_word' id='word_1_78' title='bbox 1228 972 1336 1000; x_wconf 94' lang='lat' dir='ltr'><strong>nunc</strong></span> <span class='ocrx_word' id='word_1_79' title='bbox 1375 961 1498 1001; x_wconf 89' lang='lat' dir='ltr'><strong>etiam</strong></span> 
     </span>
     <span class='ocr_line' id='line_1_13' title="bbox 114 1020 1495 1077; baseline -0.004 -12"><span class='ocrx_word' id='word_1_80' title='bbox 114 1029 382 1077; x_wconf 77' lang='lat' dir='ltr'><strong>execraretur,</strong></span> <span class='ocrx_word' id='word_1_81' title='bbox 415 1036 436 1063; x_wconf 91' lang='lat' dir='ltr'><strong>a</strong></span> <span class='ocrx_word' id='word_1_82' title='bbox 468 1022 635 1075; x_wconf 90' lang='lat' dir='ltr'><strong>collegio</strong></span> <span class='ocrx_word' id='word_1_83' title='bbox 667 1027 803 1062; x_wconf 88' lang='lat' dir='ltr'><strong>tamen</strong></span> <span class='ocrx_word' id='word_1_84' title='bbox 830 1021 1213 1074; x_wconf 87' lang='lat' dir='ltr'><strong>Conplatonicorum</strong></span> <span class='ocrx_word' id='word_1_85' title='bbox 1245 1020 1331 1061; x_wconf 92' lang='lat' dir='ltr'><strong>solo</strong></span> <span class='ocrx_word' id='word_1_86' title='bbox 1357 1020 1495 1061; x_wconf 89' lang='lat' dir='ltr'><strong>habitu</strong></span> 
     </span>
     <span class='ocr_line' id='line_1_14' title="bbox 114 1080 1497 1136; baseline -0.003 -11"><span class='ocrx_word' id='word_1_87' title='bbox 114 1098 160 1125; x_wconf 89' lang='lat' dir='ltr'><strong>ac</strong></span> <span class='ocrx_word' id='word_1_88' title='bbox 191 1084 268 1124; x_wconf 90' lang='lat' dir='ltr'><strong>fide</strong></span> <span class='ocrx_word' id='word_1_89' title='bbox 302 1083 605 1124; x_wconf 86' lang='lat' dir='ltr'><strong>dissociabatur.</strong></span> <span class='ocrx_word' id='word_1_90' title='bbox 658 1081 697 1123; x_wconf 84' lang='lat'><strong>2.</strong></span> <span class='ocrx_word' id='word_1_91' title='bbox 731 1083 830 1123; x_wconf 91' lang='lat' dir='ltr'><strong>deus</strong></span> <span class='ocrx_word' id='word_1_92' title='bbox 861 1081 980 1136; x_wconf 91' lang='lat' dir='ltr'><strong>bone,</strong></span> <span class='ocrx_word' id='word_1_93' title='bbox 1013 1081 1110 1135; x_wconf 92' lang='lat' dir='ltr'><strong>quid</strong></span> <span class='ocrx_word' id='word_1_94' title='bbox 1144 1085 1230 1121; x_wconf 91' lang='lat' dir='ltr'><strong>erat</strong></span> <span class='ocrx_word' id='word_1_95' title='bbox 1255 1080 1366 1135; x_wconf 91' lang='lat' dir='ltr'><strong>illud,</strong></span> <span class='ocrx_word' id='word_1_96' title='bbox 1399 1093 1497 1135; x_wconf 91' lang='lat' dir='ltr'><strong>quo-</strong></span> 
     </span>
     <span class='ocr_line' id='line_1_15' title="bbox 113 1141 1495 1195; baseline -0.002 -11"><span class='ocrx_word' id='word_1_97' title='bbox 113 1147 218 1185; x_wconf 85' lang='lat' dir='ltr'><strong>tiens</strong></span> <span class='ocrx_word' id='word_1_98' title='bbox 263 1145 312 1184; x_wconf 90' lang='lat' dir='ltr'><strong>ad</strong></span> <span class='ocrx_word' id='word_1_99' title='bbox 357 1157 448 1185; x_wconf 90' lang='lat' dir='ltr'><strong>eum</strong></span> <span class='ocrx_word' id='word_1_100' title='bbox 493 1143 576 1184; x_wconf 91' lang='lat' dir='ltr'><strong>sola</strong></span> <span class='ocrx_word' id='word_1_101' title='bbox 620 1143 926 1184; x_wconf 90' lang='lat' dir='ltr'><strong>consultationis</strong></span> <span class='ocrx_word' id='word_1_102' title='bbox 969 1143 1095 1195; x_wconf 88' lang='lat' dir='ltr'><strong>gratia</strong></span> <span class='ocrx_word' id='word_1_103' title='bbox 1138 1141 1495 1182; x_wconf 81' lang='lat' dir='ltr'><strong>conveniebamus!</strong></span> 
     </span>
     <span class='ocr_line' id='line_1_16' title="bbox 115 1202 1498 1258; baseline -0.002 -13"><span class='ocrx_word' id='word_1_104' title='bbox 115 1217 234 1258; x_wconf 86' lang='lat' dir='ltr'><strong>quam</strong></span> <span class='ocrx_word' id='word_1_105' title='bbox 265 1205 331 1244; x_wconf 89' lang='lat' dir='ltr'><strong>ille</strong></span> <span class='ocrx_word' id='word_1_106' title='bbox 364 1203 548 1244; x_wconf 90' lang='lat' dir='ltr'><strong>omnibus</strong></span> <span class='ocrx_word' id='word_1_107' title='bbox 589 1205 724 1244; x_wconf 88' lang='lat' dir='ltr'><strong>statim</strong></span> <span class='ocrx_word' id='word_1_108' title='bbox 755 1208 886 1244; x_wconf 90' lang='lat' dir='ltr'><strong>totum</strong></span> <span class='ocrx_word' id='word_1_109' title='bbox 918 1215 999 1243; x_wconf 91' lang='lat' dir='ltr'><strong>non</strong></span> <span class='ocrx_word' id='word_1_110' title='bbox 1032 1202 1234 1256; x_wconf 84' lang='lat' dir='ltr'><strong>dubitanS,</strong></span> <span class='ocrx_word' id='word_1_111' title='bbox 1273 1214 1355 1243; x_wconf 91' lang='lat' dir='ltr'><strong>non</strong></span> <span class='ocrx_word' id='word_1_112' title='bbox 1386 1203 1498 1243; x_wconf 88' lang='lat' dir='ltr'><strong>fasti-</strong></span> 
     </span>
     <span class='ocr_line' id='line_1_17' title="bbox 63 1262 1499 1319; baseline -0.002 -13"><span class='ocrx_word' id='word_1_113' title='bbox 63 1274 96 1300; x_wconf 87' lang='lat'><strong>15</strong></span> <span class='ocrx_word' id='word_1_114' title='bbox 116 1266 230 1306; x_wconf 90' lang='lat' dir='ltr'><strong>diens</strong></span> <span class='ocrx_word' id='word_1_115' title='bbox 257 1265 472 1319; x_wconf 81' lang='lat' dir='ltr'><strong>aperiebat,</strong></span> <span class='ocrx_word' id='word_1_116' title='bbox 506 1264 906 1318; x_wconf 87' lang='lat' dir='ltr'><strong>voluptuosissimum</strong></span> <span class='ocrx_word' id='word_1_117' title='bbox 933 1268 1139 1317; x_wconf 82' lang='lat' dir='ltr'><strong>reputans,</strong></span> <span class='ocrx_word' id='word_1_118' title='bbox 1166 1264 1202 1303; x_wconf 94' lang='lat' dir='ltr'><strong>si</strong></span> <span class='ocrx_word' id='word_1_119' title='bbox 1228 1263 1331 1303; x_wconf 91' lang='lat' dir='ltr'><strong>forte</strong></span> <span class='ocrx_word' id='word_1_120' title='bbox 1358 1262 1499 1304; x_wconf 91' lang='lat' dir='ltr'><strong>oborta</strong></span> 
     </span>
     <span class='ocr_line' id='line_1_18' title="bbox 117 1323 1500 1379; baseline -0.001 -13"><span class='ocrx_word' id='word_1_121' title='bbox 117 1327 395 1379; x_wconf 81' lang='lat' dir='ltr'><strong>quarumpiam</strong></span> <span class='ocrx_word' id='word_1_122' title='bbox 428 1326 708 1378; x_wconf 89' lang='lat' dir='ltr'><strong>quaestionum</strong></span> <span class='ocrx_word' id='word_1_123' title='bbox 741 1323 1031 1365; x_wconf 88' lang='lat' dir='ltr'><strong>insolubilitate</strong></span> <span class='ocrx_word' id='word_1_124' title='bbox 1069 1323 1334 1377; x_wconf 84' lang='lat' dir='ltr'><strong>labyrinthica</strong></span> <span class='ocrx_word' id='word_1_125' title='bbox 1367 1325 1500 1365; x_wconf 89' lang='lat' dir='ltr'><strong>scien-</strong></span> 
     </span>
     <span class='ocr_line' id='line_1_19' title="bbox 115 1384 1499 1439; baseline -0.001 -13"><span class='ocrx_word' id='word_1_126' title='bbox 115 1388 193 1427; x_wconf 89' lang='lat' dir='ltr'><strong>tiae</strong></span> <span class='ocrx_word' id='word_1_127' title='bbox 227 1398 320 1426; x_wconf 92' lang='lat' dir='ltr'><strong>suae</strong></span> <span class='ocrx_word' id='word_1_128' title='bbox 352 1386 532 1426; x_wconf 86' lang='lat' dir='ltr'><strong>thesauri</strong></span> <span class='ocrx_word' id='word_1_129' title='bbox 564 1386 898 1439; x_wconf 80' lang='lat' dir='ltr'><strong>eventilarentur3</strong></span> <span class='ocrx_word' id='word_1_130' title='bbox 930 1386 1028 1439; x_wconf 90' lang='lat' dir='ltr'><strong>iam,</strong></span> <span class='ocrx_word' id='word_1_131' title='bbox 1067 1386 1102 1424; x_wconf 92' lang='lat' dir='ltr'><strong>si</strong></span> <span class='ocrx_word' id='word_1_132' title='bbox 1135 1384 1368 1437; x_wconf 81' lang='lat' dir='ltr'><strong>frequentes</strong></span> <span class='ocrx_word' id='word_1_133' title='bbox 1402 1397 1499 1425; x_wconf 90' lang='lat' dir='ltr'><strong>con-</strong></span> 
     </span>
     <span class='ocr_line' id='line_1_20' title="bbox 117 1444 1500 1500; baseline -0.001 -14"><span class='ocrx_word' id='word_1_134' title='bbox 117 1446 364 1500; x_wconf 89' lang='lat' dir='ltr'><strong>sederamus,</strong></span> <span class='ocrx_word' id='word_1_135' title='bbox 403 1446 579 1486; x_wconf 86' lang='lat' dir='ltr'><strong>officium</strong></span> <span class='ocrx_word' id='word_1_136' title='bbox 611 1446 801 1487; x_wconf 91' lang='lat' dir='ltr'><strong>audiendi</strong></span> <span class='ocrx_word' id='word_1_137' title='bbox 833 1445 1040 1500; x_wconf 87' lang='lat' dir='ltr'><strong>omnihus,</strong></span> <span class='ocrx_word' id='word_1_138' title='bbox 1077 1446 1150 1485; x_wconf 93' lang='lat' dir='ltr'><strong>uni</strong></span> <span class='ocrx_word' id='word_1_139' title='bbox 1190 1444 1339 1499; x_wconf 91' lang='lat' dir='ltr'><strong>solum,</strong></span> <span class='ocrx_word' id='word_1_140' title='bbox 1378 1457 1500 1499; x_wconf 91' lang='lat' dir='ltr'><strong>quem</strong></span> 
     </span>
     <span class='ocr_line' id='line_1_21' title="bbox 116 1505 1498 1560; baseline 0 -14"><span class='ocrx_word' id='word_1_141' title='bbox 116 1507 284 1546; x_wconf 90' lang='lat' dir='ltr'><strong>forsitan</strong></span> <span class='ocrx_word' id='word_1_142' title='bbox 315 1506 587 1560; x_wconf 77' lang='lat' dir='ltr'><strong>elegissemus,</strong></span> <span class='ocrx_word' id='word_1_143' title='bbox 620 1507 816 1560; x_wconf 91' lang='lat' dir='ltr'><strong>deputans</strong></span> <span class='ocrx_word' id='word_1_144' title='bbox 848 1508 912 1546; x_wconf 91' lang='lat' dir='ltr'><strong>ius</strong></span> <span class='ocrx_word' id='word_1_145' title='bbox 945 1505 1155 1560; x_wconf 91' lang='lat' dir='ltr'><strong>loquendi,</strong></span> <span class='ocrx_word' id='word_1_146' title='bbox 1193 1507 1346 1546; x_wconf 89' lang='lat' dir='ltr'><strong>viritim</strong></span> <span class='ocrx_word' id='word_1_147' title='bbox 1377 1507 1498 1546; x_wconf 89' lang='lat' dir='ltr'><strong>vicis-</strong></span> 
     </span>
     <span class='ocr_line' id='line_1_22' title="bbox 65 1567 1499 1621; baseline 0 -14"><span class='ocrx_word' id='word_1_148' title='bbox 65 1576 98 1602; x_wconf 83' lang='lat'><strong>20</strong></span> <span class='ocrx_word' id='word_1_149' title='bbox 119 1568 290 1621; x_wconf 90' lang='lat' dir='ltr'><strong>simque,</strong></span> <span class='ocrx_word' id='word_1_150' title='bbox 334 1580 415 1607; x_wconf 90' lang='lat' dir='ltr'><strong>non</strong></span> <span class='ocrx_word' id='word_1_151' title='bbox 459 1567 733 1608; x_wconf 89' lang='lat' dir='ltr'><strong>tumultuatim</strong></span> <span class='ocrx_word' id='word_1_152' title='bbox 770 1579 845 1607; x_wconf 92' lang='lat' dir='ltr'><strong>nec</strong></span> <span class='ocrx_word' id='word_1_153' title='bbox 885 1568 972 1607; x_wconf 92' lang='lat' dir='ltr'><strong>sine</strong></span> <span class='ocrx_word' id='word_1_154' title='bbox 1012 1567 1228 1607; x_wconf 81' lang='lat' dir='ltr'><strong>schematis</strong></span> <span class='ocrx_word' id='word_1_155' title='bbox 1270 1568 1499 1620; x_wconf 89' lang='lat' dir='ltr'><strong>cuiuspiam</strong></span> 
     </span>
     <span class='ocr_line' id='line_1_23' title="bbox 118 1625 1499 1680; baseline 0 -13"><span class='ocrx_word' id='word_1_156' title='bbox 118 1631 232 1680; x_wconf 86' lang='lat' dir='ltr'><strong>gestu</strong></span> <span class='ocrx_word' id='word_1_157' title='bbox 264 1628 478 1667; x_wconf 90' lang='lat' dir='ltr'><strong>artificioso</strong></span> <span class='ocrx_word' id='word_1_158' title='bbox 511 1628 716 1668; x_wconf 89' lang='lat' dir='ltr'><strong>doctrinae</strong></span> <span class='ocrx_word' id='word_1_159' title='bbox 756 1640 850 1667; x_wconf 92' lang='lat' dir='ltr'><strong>suae</strong></span> <span class='ocrx_word' id='word_1_160' title='bbox 885 1640 981 1680; x_wconf 89' lang='lat' dir='ltr'><strong>opes</strong></span> <span class='ocrx_word' id='word_1_161' title='bbox 1014 1631 1265 1680; x_wconf 88' lang='lat' dir='ltr'><strong>erogaturus.</strong></span> <span class='ocrx_word' id='word_1_162' title='bbox 1330 1625 1370 1669; x_wconf 85' lang='lat'><strong>3.</strong></span> <span class='ocrx_word' id='word_1_163' title='bbox 1403 1627 1499 1667; x_wconf 92' lang='lat' dir='ltr'><strong>dein</strong></span> 
     </span>
     <span class='ocr_line' id='line_1_24' title="bbox 118 1687 1498 1741; baseline 0 -13"><span class='ocrx_word' id='word_1_164' title='bbox 118 1700 392 1740; x_wconf 89' lang='lat' dir='ltr'><strong>quaecumque</strong></span> <span class='ocrx_word' id='word_1_165' title='bbox 425 1688 595 1728; x_wconf 87' lang='lat' dir='ltr'><strong>dixisset</strong></span> <span class='ocrx_word' id='word_1_166' title='bbox 634 1690 819 1741; x_wconf 89' lang='lat' dir='ltr'><strong>protinus</strong></span> <span class='ocrx_word' id='word_1_167' title='bbox 852 1687 1139 1728; x_wconf 89' lang='lat' dir='ltr'><strong>reluctantium</strong></span> <span class='ocrx_word' id='word_1_168' title='bbox 1173 1687 1498 1741; x_wconf 79' lang='lat' dir='ltr'><strong>syllogismorum</strong></span> 
     </span>
     <span class='ocr_line' id='line_1_25' title="bbox 119 1747 1497 1802; baseline 0.001 -15"><span class='ocrx_word' id='word_1_169' title='bbox 119 1748 468 1788; x_wconf 88' lang='lat' dir='ltr'><strong>contrarietatibus</strong></span> <span class='ocrx_word' id='word_1_170' title='bbox 526 1748 849 1802; x_wconf 81' lang='lat' dir='ltr'><strong>excipiebamus3</strong></span> <span class='ocrx_word' id='word_1_171' title='bbox 911 1748 981 1788; x_wconf 91' lang='lat' dir='ltr'><strong>sed</strong></span> <span class='ocrx_word' id='word_1_172' title='bbox 1038 1747 1259 1802; x_wconf 90' lang='lat' dir='ltr'><strong>repellebat</strong></span> <span class='ocrx_word' id='word_1_173' title='bbox 1317 1749 1497 1789; x_wconf 87' lang='lat' dir='ltr'><strong>omnium</strong></span> 
     </span>
     <span class='ocr_line' id='line_1_26' title="bbox 118 1808 1495 1862; baseline 0.001 -14"><span class='ocrx_word' id='word_1_174' title='bbox 118 1813 301 1848; x_wconf 88' lang='lat' dir='ltr'><strong>nostrum</strong></span> <span class='ocrx_word' id='word_1_175' title='bbox 332 1810 569 1849; x_wconf 88' lang='lat' dir='ltr'><strong>temerarias</strong></span> <span class='ocrx_word' id='word_1_176' title='bbox 596 1810 889 1861; x_wconf 88' lang='lat' dir='ltr'><strong>oppositiones:</strong></span> <span class='ocrx_word' id='word_1_177' title='bbox 922 1810 1057 1862; x_wconf 90' lang='lat' dir='ltr'><strong>itaque</strong></span> <span class='ocrx_word' id='word_1_178' title='bbox 1086 1808 1187 1848; x_wconf 91' lang='lat' dir='ltr'><strong>nihil</strong></span> <span class='ocrx_word' id='word_1_179' title='bbox 1213 1821 1296 1849; x_wconf 90' lang='lat' dir='ltr'><strong>non</strong></span> <span class='ocrx_word' id='word_1_180' title='bbox 1321 1821 1495 1862; x_wconf 90' lang='lat' dir='ltr'><strong>perpen-</strong></span> 
     </span>
     <span class='ocr_line' id='line_1_27' title="bbox 67 1868 1498 1923; baseline 0.001 -15"><span class='ocrx_word' id='word_1_181' title='bbox 67 1877 100 1903; x_wconf 78' lang='lat'><strong>25</strong></span> <span class='ocrx_word' id='word_1_182' title='bbox 121 1881 210 1908; x_wconf 87' lang='lat' dir='ltr'><strong>sum</strong></span> <span class='ocrx_word' id='word_1_183' title='bbox 241 1868 531 1922; x_wconf 87' lang='lat' dir='ltr'><strong>probatumque</strong></span> <span class='ocrx_word' id='word_1_184' title='bbox 565 1869 847 1922; x_wconf 88' lang='lat' dir='ltr'><strong>recipiebatur.</strong></span> <span class='ocrx_word' id='word_1_185' title='bbox 910 1869 1004 1909; x_wconf 93' lang='lat' dir='ltr'><strong>hinc</strong></span> <span class='ocrx_word' id='word_1_186' title='bbox 1038 1871 1159 1909; x_wconf 90' lang='lat' dir='ltr'><strong>etiam</strong></span> <span class='ocrx_word' id='word_1_187' title='bbox 1195 1868 1255 1909; x_wconf 91' lang='lat' dir='ltr'><strong>illi</strong></span> <span class='ocrx_word' id='word_1_188' title='bbox 1286 1869 1393 1923; x_wconf 91' lang='lat' dir='ltr'><strong>apud</strong></span> <span class='ocrx_word' id='word_1_189' title='bbox 1418 1876 1498 1909; x_wconf 79' lang='lat' dir='ltr'><strong>‘nos</strong></span> 
     </span>
     <span class='ocr_line' id='line_1_28' title="bbox 120 1925 1498 1983; baseline 0.001 -15"><span class='ocrx_word' id='word_1_190' title='bbox 120 1930 291 1968; x_wconf 81' lang='lat' dir='ltr'><strong>maxima</strong></span> <span class='ocrx_word' id='word_1_191' title='bbox 310 1931 534 1969; x_wconf 89' lang='lat' dir='ltr'><strong>reverentia</strong></span> <span class='ocrx_word' id='word_1_192' title='bbox 557 1930 643 1983; x_wconf 90' lang='lat' dir='ltr'><strong>fuit,</strong></span> <span class='ocrx_word' id='word_1_193' title='bbox 677 1929 783 1982; x_wconf 89' lang='lat' dir='ltr'><strong>quod</strong></span> <span class='ocrx_word' id='word_1_194' title='bbox 803 1942 885 1969; x_wconf 92' lang='lat' dir='ltr'><strong>non</strong></span> <span class='ocrx_word' id='word_1_195' title='bbox 906 1931 1003 1969; x_wconf 90' lang='lat' dir='ltr'><strong>satis</strong></span> <span class='ocrx_word' id='word_1_196' title='bbox 1023 1929 1177 1970; x_wconf 88' lang='lat' dir='ltr'><strong>ferebat</strong></span> <span class='ocrx_word' id='word_1_197' title='bbox 1197 1941 1316 1983; x_wconf 86' lang='lat' dir='ltr'><strong>aegre</strong></span> <span class='ocrx_word' id='word_1_198' title='bbox 1341 1925 1498 1983; x_wconf 79' lang='lat' dir='ltr'><strong>pigram</strong></span> 
     </span>
     <span class='ocr_line' id='line_1_29' title="bbox 121 1988 1496 2044; baseline 0.001 -16"><span class='ocrx_word' id='word_1_199' title='bbox 121 1990 164 2028; x_wconf 88' lang='lat' dir='ltr'><strong>in</strong></span> <span class='ocrx_word' id='word_1_200' title='bbox 196 1988 449 2042; x_wconf 88' lang='lat' dir='ltr'><strong>quibuspiam</strong></span> <span class='ocrx_word' id='word_1_201' title='bbox 482 1991 780 2042; x_wconf 88' lang='lat' dir='ltr'><strong>sequacitatem.</strong></span> <span class='ocrx_word' id='word_1_202' title='bbox 831 1989 929 2029; x_wconf 88' lang='lat' dir='ltr'><strong>haec</strong></span> <span class='ocrx_word' id='word_1_203' title='bbox 962 1990 1065 2042; x_wconf 87' lang='lat' dir='ltr'><strong>apud</strong></span> <span class='ocrx_word' id='word_1_204' title='bbox 1099 2002 1192 2030; x_wconf 90' lang='lat' dir='ltr'><strong>eum</strong></span> <span class='ocrx_word' id='word_1_205' title='bbox 1219 1989 1336 2044; x_wconf 89' lang='lat' dir='ltr'><strong>culpa</strong></span> <span class='ocrx_word' id='word_1_206' title='bbox 1362 1991 1496 2030; x_wconf 87' lang='lat' dir='ltr'><strong>venia-</strong></span> 
     </span>
     <span class='ocr_line' id='line_1_30' title="bbox 121 2048 1500 2103; baseline 0.003 -16"><span class='ocrx_word' id='word_1_207' title='bbox 121 2048 214 2088; x_wconf 88' lang='lat' dir='ltr'><strong>bilis</strong></span> <span class='ocrx_word' id='word_1_208' title='bbox 252 2054 353 2103; x_wconf 81' lang='lat' dir='ltr'><strong>erat3</strong></span> <span class='ocrx_word' id='word_1_209' title='bbox 399 2062 476 2102; x_wconf 91' lang='lat' dir='ltr'><strong>quo</strong></span> <span class='ocrx_word' id='word_1_210' title='bbox 516 2049 653 2103; x_wconf 87' lang='lat' dir='ltr'><strong>fiebat,</strong></span> <span class='ocrx_word' id='word_1_211' title='bbox 698 2054 805 2089; x_wconf 89' lang='lat' dir='ltr'><strong>esset</strong></span> <span class='ocrx_word' id='word_1_212' title='bbox 842 2054 886 2089; x_wconf 87' lang='lat' dir='ltr'><strong>ut</strong></span> <span class='ocrx_word' id='word_1_213' title='bbox 924 2050 1040 2090; x_wconf 89' lang='lat' dir='ltr'><strong>nobis</strong></span> <span class='ocrx_word' id='word_1_214' title='bbox 1078 2052 1272 2103; x_wconf 88' lang='lat' dir='ltr'><strong>patientia</strong></span> <span class='ocrx_word' id='word_1_215' title='bbox 1317 2050 1500 2091; x_wconf 90' lang='lat' dir='ltr'><strong>eiusdem</strong></span> 
     </span>
     <span class='ocr_line' id='line_1_31' title="bbox 124 2109 1498 2165; baseline 0.001 -17"><span class='ocrx_word' id='word_1_216' title='bbox 124 2110 209 2148; x_wconf 89' lang='lat' dir='ltr'><strong>sine</strong></span> <span class='ocrx_word' id='word_1_217' title='bbox 243 2111 463 2150; x_wconf 87' lang='lat' dir='ltr'><strong>imitatione</strong></span> <span class='ocrx_word' id='word_1_218' title='bbox 496 2109 718 2150; x_wconf 88' lang='lat' dir='ltr'><strong>laudabilis.</strong></span> <span class='ocrx_word' id='word_1_219' title='bbox 770 2111 860 2162; x_wconf 88' lang='lat' dir='ltr'><strong>quis</strong></span> <span class='ocrx_word' id='word_1_220' title='bbox 893 2111 1000 2150; x_wconf 89' lang='lat' dir='ltr'><strong>enim</strong></span> <span class='ocrx_word' id='word_1_221' title='bbox 1031 2112 1163 2151; x_wconf 89' lang='lat' dir='ltr'><strong>virum</strong></span> <span class='ocrx_word' id='word_1_222' title='bbox 1196 2124 1320 2165; x_wconf 88' lang='lat' dir='ltr'><strong>super</strong></span> <span class='ocrx_word' id='word_1_223' title='bbox 1351 2111 1498 2152; x_wconf 90' lang='lat' dir='ltr'><strong>abditis</strong></span> 
     </span>
    </p>
   </div>
   <div class='ocr_carea' id='block_1_5' title="bbox 123 2248 1503 2442">
    <p class='ocr_par' dir='ltr' id='par_1_6' title="bbox 123 2248 1503 2442">
     <span class='ocr_line' id='line_1_32' title="bbox 124 2248 1501 2297; baseline 0.004 -14"><span class='ocrx_word' id='word_1_224' title='bbox 124 2248 170 2284; x_wconf 90' lang='lat' dir='ltr'><strong><em>N</em></strong></span> <span class='ocrx_word' id='word_1_225' title='bbox 172 2248 182 2268; x_wconf 86' lang='lat'><strong>¹</strong></span> <span class='ocrx_word' id='word_1_226' title='bbox 201 2250 212 2293; x_wconf 85' lang='grc' dir='ltr'><strong>ΙΙ</strong></span> <span class='ocrx_word' id='word_1_227' title='bbox 233 2253 253 2284; x_wconf 92' lang='grc'><strong>3</strong></span> <span class='ocrx_word' id='word_1_228' title='bbox 280 2249 389 2285; x_wconf 75' lang='lat' dir='ltr'><strong>inser.</strong></span> <span class='ocrx_word' id='word_1_229' title='bbox 417 2261 483 2286; x_wconf 86' lang='lat' dir='ltr'><strong>om.</strong></span> <span class='ocrx_word' id='word_1_230' title='bbox 512 2250 547 2286; x_wconf 84' lang='lat' dir='ltr'><em>L</em></span> <span class='ocrx_word' id='word_1_231' title='bbox 566 2251 578 2294; x_wconf 81' lang='grc'><strong>11</strong></span> <span class='ocrx_word' id='word_1_232' title='bbox 599 2253 619 2285; x_wconf 91' lang='grc'>5</span> <span class='ocrx_word' id='word_1_233' title='bbox 648 2249 801 2295; x_wconf 81' lang='lat' dir='ltr'><strong>ambigo</strong></span> <span class='ocrx_word' id='word_1_234' title='bbox 830 2249 983 2296; x_wconf 78' lang='lat' dir='ltr'><strong>ambigo</strong></span> <span class='ocrx_word' id='word_1_235' title='bbox 1010 2251 1046 2286; x_wconf 89' lang='lat' dir='ltr'><strong><em>L</em></strong></span> <span class='ocrx_word' id='word_1_236' title='bbox 1065 2253 1076 2297; x_wconf 81' lang='grc' dir='ltr'><strong>ΙΙ</strong></span> <span class='ocrx_word' id='word_1_237' title='bbox 1099 2255 1142 2286; x_wconf 88' lang='grc'><strong>13</strong></span> <span class='ocrx_word' id='word_1_238' title='bbox 1171 2251 1254 2287; x_wconf 81' lang='lat' dir='ltr'><strong>sola</strong></span> <span class='ocrx_word' id='word_1_239' title='bbox 1279 2263 1347 2288; x_wconf 86' lang='lat' dir='ltr'><strong>om.</strong></span> <span class='ocrx_word' id='word_1_240' title='bbox 1370 2251 1422 2297; x_wconf 82' lang='lat' dir='ltr'><strong>F,</strong></span> <span class='ocrx_word' id='word_1_241' title='bbox 1446 2262 1501 2287; x_wconf 85' lang='lat' dir='ltr'><strong>se-</strong></span> 
     </span>
     <span class='ocr_line' id='line_1_33' title="bbox 123 2296 1502 2346; baseline 0.002 -13"><span class='ocrx_word' id='word_1_242' title='bbox 123 2297 235 2333; x_wconf 79' lang='lat' dir='ltr'><strong>clusit</strong></span> <span class='ocrx_word' id='word_1_243' title='bbox 260 2296 496 2342; x_wconf 73' lang='lat' dir='ltr'><strong>Luetjoha‘nn</strong></span> <span class='ocrx_word' id='word_1_244' title='bbox 514 2299 527 2343; x_wconf 82' lang='lat'><strong>11</strong></span> <span class='ocrx_word' id='word_1_245' title='bbox 549 2301 593 2334; x_wconf 87' lang='lat'><strong>14</strong></span> <span class='ocrx_word' id='word_1_246' title='bbox 620 2299 766 2333; x_wconf 76' lang='lat' dir='ltr'><strong>statum</strong></span> <span class='ocrx_word' id='word_1_247' title='bbox 791 2303 870 2343; x_wconf 87' lang='lat' dir='ltr'><strong>(um</strong></span> <span class='ocrx_word' id='word_1_248' title='bbox 895 2310 988 2335; x_wconf 77' lang='lat' dir='ltr'><strong>corr.</strong></span> <span class='ocrx_word' id='word_1_249' title='bbox 1015 2301 1058 2335; x_wconf 73' lang='lat' dir='ltr'><strong>in</strong></span> <span class='ocrx_word' id='word_1_250' title='bbox 1082 2299 1137 2334; x_wconf 91' lang='lat' dir='ltr'><strong>im</strong></span> <span class='ocrx_word' id='word_1_251' title='bbox 1163 2300 1304 2346; x_wconf 78' lang='lat' dir='ltr'>M²)M</span> <span class='ocrx_word' id='word_1_252' title='bbox 1316 2302 1328 2346; x_wconf 79' lang='lat' dir='ltr'>ss</span> <span class='ocrx_word' id='word_1_253' title='bbox 1349 2303 1394 2335; x_wconf 88' lang='lat'><strong>18</strong></span> <span class='ocrx_word' id='word_1_254' title='bbox 1414 2303 1502 2346; x_wconf 78' lang='lat' dir='ltr'><strong>post</strong></span> 
     </span>
     <span class='ocr_line' id='line_1_34' title="bbox 125 2344 1503 2396; baseline 0.003 -17"><span class='ocrx_word' id='word_1_255' title='bbox 125 2344 301 2380; x_wconf 77' lang='lat' dir='ltr'><strong>omnibus</strong></span> <span class='ocrx_word' id='word_1_256' title='bbox 340 2346 426 2381; x_wconf 83' lang='lat' dir='ltr'><strong>add.</strong></span> <span class='ocrx_word' id='word_1_257' title='bbox 466 2345 693 2392; x_wconf 75' lang='lat' dir='ltr'><strong>iniungebat</strong></span> <span class='ocrx_word' id='word_1_258' title='bbox 726 2346 965 2392; x_wconf 71' lang='lat' dir='ltr'><strong>Imetjohann</strong></span> <span class='ocrx_word' id='word_1_259' title='bbox 1008 2349 1020 2393; x_wconf 85' lang='grc' dir='ltr'><strong>ΙΙ</strong></span> <span class='ocrx_word' id='word_1_260' title='bbox 1064 2352 1108 2383; x_wconf 79' lang='lat'><strong>22</strong></span> <span class='ocrx_word' id='word_1_261' title='bbox 1136 2347 1394 2384; x_wconf 76' lang='lat' dir='ltr'><strong>reluctantum</strong></span> <span class='ocrx_word' id='word_1_262' title='bbox 1426 2348 1461 2383; x_wconf 81' lang='lat' dir='ltr'><strong><em>T</em></strong></span> <span class='ocrx_word' id='word_1_263' title='bbox 1489 2347 1503 2396; x_wconf 82' lang='grc' dir='ltr'>Η</span> 
     </span>
     <span class='ocr_line' id='line_1_35' title="bbox 126 2393 1225 2442; baseline 0.004 -14"><span class='ocrx_word' id='word_1_264' title='bbox 126 2397 170 2429; x_wconf 80' lang='lat'><strong>29</strong></span> <span class='ocrx_word' id='word_1_265' title='bbox 198 2393 330 2439; x_wconf 81' lang='lat' dir='ltr'><strong>quisve</strong></span> <span class='ocrx_word' id='word_1_266' title='bbox 357 2394 402 2439; x_wconf 86' lang='lat' dir='ltr'><strong>L,</strong></span> <span class='ocrx_word' id='word_1_267' title='bbox 429 2395 559 2438; x_wconf 82' lang='lat' dir='ltr'><strong>quisae</strong></span> <span class='ocrx_word' id='word_1_268' title='bbox 585 2399 646 2439; x_wconf 84' lang='lat' dir='ltr'><strong>(ae</strong></span> <span class='ocrx_word' id='word_1_269' title='bbox 673 2406 765 2432; x_wconf 79' lang='lat' dir='ltr'><strong>eras.</strong></span> <span class='ocrx_word' id='word_1_270' title='bbox 794 2394 929 2440; x_wconf 67' lang='lat' dir='ltr'><strong>N2&#39;)N,</strong></span> <span class='ocrx_word' id='word_1_271' title='bbox 955 2397 1038 2440; x_wconf 86' lang='lat' dir='ltr'><strong>quis</strong></span> <span class='ocrx_word' id='word_1_272' title='bbox 1065 2408 1087 2431; x_wconf 75' lang='grc'>*</span> <span class='ocrx_word' id='word_1_273' title='bbox 1107 2406 1130 2432; x_wconf 71' lang='lat'><strong>20&lt;</strong></span> <span class='ocrx_word' id='word_1_274' title='bbox 1162 2396 1225 2442; x_wconf 71' lang='lat' dir='ltr'><strong>Vn</strong></span> 
     </span>
    </p>
   </div>
  </div>
 </body>
</html>
