1592 2612
147 149 237 194 284
678 141 883 181 CARMEN
908 141 990 179 VII.

271 248 504 290 rettulerat:
536 259 636 288 nova
667 245 772 286 bella
803 245 952 284 iterum
983 252 1239 296 pugnamque
1272 239 1347 281 sub
1379 239 1480 293 ipsis

175 317 244 352 245
273 313 352 350 iam
383 310 534 362 patriae
567 308 695 348 muris
726 306 915 359 periurus
949 306 1173 343 commovet
1202 301 1343 341 hostis.

272 371 448 410 Litorius
481 368 688 421 Scythicos
715 367 872 419 equites
904 368 991 404 tum
1023 363 1127 403 forte
1160 361 1325 402 subacto

273 430 403 471 celsus
435 429 666 469 Aremorico
700 427 882 467 Geticum
915 423 1097 477 rapiebat
1128 425 1171 463 in
1203 434 1347 475 agmen

271 503 344 544 per
374 495 523 543 terras,
555 489 750 541 Arverne,
781 491 892 539 tuas,
925 486 995 537 qui
1026 485 1209 537 proxima
1241 493 1423 536 quaeque

273 552 476 604 discursu,
508 549 697 601 flammis,
729 548 856 601 ferro,
888 546 1066 599 feritate,
1098 545 1251 597 rapinis

178 620 247 653 250
274 610 476 664 delebant,
507 610 618 662 pacis
651 607 833 648 fallentes
865 618 1012 646 nomen
1044 606 1175 645 inane.

273 671 393 711 huius
425 675 511 710 tum
544 669 737 709 famulum
770 667 931 721 quidam
962 665 1233 706 truculentior
1263 663 1427 718 horum,

275 744 367 771 mox
400 730 598 783 feriende,
631 730 750 783 feris3
782 729 865 768 ruit
896 726 964 767 ille
997 731 1038 766 et
1069 727 1202 766 tristia
1233 724 1313 765 fata

276 791 527 832 commendat
559 790 722 829 domino
756 789 914 829 absenti
946 791 1184 840 partemque
1216 785 1393 826 futuram

275 852 473 891 vindictae
505 852 683 890 moriens
717 849 899 902 Stygium
932 860 1002 901 spe
1035 851 1169 900 portat
1201 845 1249 886 ad
1282 856 1453 885 amnem.

179 920 248 953 255
277 917 316 952 et
347 914 426 952 iam
458 912 561 951 fama
592 912 678 950 viro
711 915 844 950 turres
876 913 1093 961 portasque
1126 907 1256 947 tuenti

276 973 425 1012 intuitu
456 971 620 1025 pavidae
653 970 782 1024 plebis
815 969 969 1023 perfert
1002 967 1135 1008 scelus
1167 972 1311 1007 actum.

276 1034 494 1086 excutitur,
526 1036 668 1085 restat,
700 1030 840 1084 pallet,
872 1029 1011 1083 rubet,
1044 1028 1149 1081 alget
1182 1032 1222 1068 et
1253 1026 1383 1080 ardet,

278 1106 323 1133 ac
356 1092 517 1132 sibimet
548 1091 693 1132 multas
725 1091 879 1132 vultum
911 1091 1060 1129 variata
1091 1101 1165 1142 per
1196 1099 1323 1128 unum

278 1155 338 1193 ira
371 1153 464 1192 facit
495 1153 636 1206 facies,
668 1151 748 1206 vel,
781 1152 851 1204 qui
882 1162 969 1190 mos
1002 1161 1121 1202 saepe
1160 1148 1332 1202 dolenti,

183 1222 253 1255 260
279 1213 369 1266 plus
403 1217 507 1253 amat
539 1214 777 1266 extinctum3
809 1211 972 1252 tandem
1002 1210 1231 1263 prorumpit
1262 1201 1303 1248 et
1334 1219 1462 1260 arma,

280 1286 389 1313 arma
421 1274 572 1327 fremit,
603 1274 844 1325 pinguisque
878 1272 1099 1312 etiamnum
1131 1270 1326 1321 sanguine
1358 1268 1489 1308 fertur

280 1333 421 1387 lorica,
454 1333 620 1373 obtusus
652 1346 725 1386 per
757 1331 927 1372 barbara
958 1331 1125 1371 vulnera
1157 1333 1300 1370 contus

282 1401 400 1446 atque
434 1393 508 1434 sub
540 1393 712 1433 assiduis
746 1393 932 1433 dentatus
966 1390 1156 1432 caedibus
1189 1391 1311 1430 ensis.

280 1454 450 1494 includit
482 1466 597 1494 suras
630 1455 760 1494 ocreis
794 1454 995 1506 capitique
1029 1453 1245 1492 micantem

185 1521 254 1555 265
281 1516 451 1567 imponit
482 1514 652 1568 galeam,
678 1513 810 1554 fulvus
843 1515 908 1554 cui
940 1514 1088 1553 crescit
1119 1512 1162 1551 in
1197 1510 1320 1551 altum

283 1587 407 1614 conus
440 1579 479 1614 et
511 1576 653 1614 iratam
684 1574 882 1614 iaculatur
913 1574 1063 1614 vertice
1096 1572 1240 1612 lucem.

283 1639 323 1674 et
355 1637 433 1674 iam
467 1635 623 1674 scandit
655 1647 803 1687 equum
836 1634 1042 1686 vulsisque
1075 1646 1097 1673 a
1130 1631 1291 1672 cardine
1324 1631 1452 1684 portis

283 1696 446 1749 emicat3
480 1695 684 1735 adsistunt
712 1696 821 1735 socio
854 1694 1069 1746 Virtusque
1102 1692 1303 1745 Dolorque

285 1760 324 1795 et
354 1755 505 1795 Pudor:
538 1759 709 1795 armatas
742 1755 823 1808 pilo
856 1757 958 1808 petit
989 1755 1161 1807 impiger
1192 1752 1274 1792 alas

189 1823 258 1855 270
284 1815 498 1868 pugnando
530 1828 705 1868 pugnam
738 1828 955 1869 quaerens,
992 1814 1261 1868 pavidumque
1293 1824 1366 1865 per
1398 1821 1540 1864 agmen

284 1875 502 1916 multorum
534 1877 702 1916 interitu
734 1883 984 1930 compensat,
1017 1874 1124 1928 quod
1155 1873 1252 1913 latet
1283 1884 1400 1912 unus.

286 1937 343 1975 sic
375 1935 592 1988 Phrygium
623 1936 805 1976 Emathia
838 1937 1033 1976 victorem
1066 1934 1234 1987 cuspide
1266 1943 1439 1986 poscens

287 1995 478 2035 Aeacides
512 2008 628 2036 caeso
662 1996 814 2036 luctum
847 1997 1018 2036 frenavit
1050 1996 1178 2035 amico

286 2068 360 2108 per
392 2061 541 2095 mortes
575 2061 651 2110 tot,
683 2057 821 2110 Troia,
853 2062 961 2110 tuas,
994 2058 1073 2096 iam
1104 2054 1199 2095 vilia
1229 2065 1326 2107 prae
1360 2065 1402 2092 se
1436 2091 1439 2095 .

263 2186 334 2218 245
355 2183 528 2229 periurus
549 2185 815 2221 Wilamowitz:
840 2183 1033 2229 periturus
1048 2184 1150 2220 codd.
1171 2184 1183 2229 ΙΙ
1203 2185 1273 2218 253
1286 2182 1372 2227 fort.
1392 2179 1545 2215 futurae

167 2231 408 2277 Luetjohann
444 2234 455 2278 {l
494 2236 563 2268 258
590 2232 737 2268 cariata
767 2233 871 2269 codd.
909 2235 921 2276 ΙΙ
959 2236 1028 2268 262
1055 2230 1176 2267 lorica
1206 2232 1246 2266 et
1270 2230 1349 2266 obt.
1375 2227 1500 2265 MGT
1532 2226 1537 2276 Ι

167 2283 239 2316 263
266 2280 352 2326 sub]
386 2279 433 2314 ab
461 2281 549 2316 MT
582 2282 595 2326 ll
632 2284 701 2316 268
729 2280 874 2316 socium
902 2280 960 2326 F;
991 2282 1078 2325 fort.
1106 2279 1232 2315 sociae
1257 2277 1498 2324 Luetjohawn
1534 2277 1538 2323 Ι
1584 2284 1589 2285 ’

168 2330 240 2365 274
264 2338 356 2373 prae
376 2339 457 2375 eqo:
482 2340 550 2374 per
569 2329 695 2374 codd.,·
719 2339 827 2364 ruere
848 2330 1018 2374 transit.;
1043 2329 1091 2374 ef.
1112 2328 1179 2365 Sil.
1207 2327 1251 2371 V,
1270 2328 1344 2362 393
1370 2325 1546 2370 ferroque

167 2387 280 2413 ruens
308 2375 551 2422 densissima3
581 2376 759 2424 Cypriam.
788 2376 886 2413 Gall.
907 2377 1031 2413 Exod.
1054 2379 1158 2413 1223
1183 2374 1407 2420 oblatosque
1431 2372 1548 2408 ruunt

169 2435 309 2462 euneos
335 2425 418 2470 (per
443 2424 538 2460 vilia.
561 2425 640 2460 iam
666 2435 705 2460 se
731 2425 821 2470 Leo,
845 2436 882 2470 p.
908 2437 943 2461 v.
969 2424 994 2462 i.
1022 2424 1076 2460 sic
1101 2423 1349 2469 BuechelerNJ
