1592 2612
628 129 836 168 CARMEN
860 129 926 166 IX.

294 231 430 275 Musas
462 238 524 274 sat
554 231 805 274 venerabiles
836 231 986 286 Hoeni,

295 306 431 336 acrem
461 293 757 347 Lampridium,
788 297 923 333 catum
954 291 1132 332 Leonem

201 361 275 396 315
291 360 655 409 praestantemque
686 353 784 394 tuba
816 353 1079 394 Severianum

296 420 339 457 et
369 418 427 457 sic
459 415 640 456 scribere
672 427 755 455 non
785 415 921 455 minus
953 413 1171 467 valentem,

295 475 454 518 Marcus
485 475 759 524 Quintilianus
790 479 837 515 ut
868 473 1035 515 solebat.

357 537 441 578 Nos
471 536 586 578 valde
619 535 770 577 sterilis
801 535 944 575 modos
976 534 1174 576 Camenae

297 610 412 639 rarae
444 597 648 639 credimus
678 597 755 637 hos
786 595 979 649 brevique
1013 595 1192 649 chartae,

201 666 275 699 320
304 671 407 712 quae
440 658 650 699 scombros
681 658 828 698 merito
859 658 1058 710 piperque
1090 660 1234 709 portet.

201 969 273 1002 325

202 1272 274 1304 330

205 1574 276 1607 335

207 1876 279 1909 340

208 2178 279 2222 345

185 2324 254 2358 317
293 2321 448 2357 valebat
486 2322 520 2357 T

297 732 394 760 nam
426 721 614 773 quisnam
645 718 747 758 deus
778 717 855 757 hoc
887 717 999 757 dabit
1029 718 1223 770 reiectae,

299 786 346 821 ut
375 779 439 820 vel
471 781 699 833 suscipiens
730 778 859 818 bonos
891 777 1056 831 odores,

298 840 471 881 nardum
503 853 549 880 ac
580 841 745 893 pinguia
777 838 1047 878 Nicerotianis

299 914 401 954 quae
434 901 613 954 fragrant
648 899 846 940 alabastra
876 900 1003 938 tincta
1035 899 1162 953 sucis,

298 961 397 1002 Indo
430 963 644 1002 cinnamon
677 973 726 1000 ex
758 971 856 1012 rogo
887 960 1078 1013 petitum,

302 1035 382 1076 quo
414 1021 594 1062 Phoenix
626 1021 850 1061 iuvenescit
881 1019 1121 1073 occidendo,

301 1088 477 1136 costum,
507 1081 821 1134 malobathrum,
852 1092 984 1134 rosas,
1016 1092 1237 1134 amomum,

301 1143 528 1197 myrrham,
559 1148 625 1183 tus
658 1140 1041 1195 opobalsamumque
1074 1138 1237 1181 servet?

303 1208 549 1257 quapropter
580 1203 737 1245 facinus
768 1214 905 1242 meum
936 1206 1053 1242 tuere

300 1269 341 1305 et
373 1263 640 1317 condiscipuli
671 1262 748 1303 tihi
779 1261 1042 1316 obsequentis

300 1326 525 1378 incautum,
556 1336 720 1377 precor,
751 1335 911 1363 asseras
942 1322 1151 1376 pudorem.

301 1397 538 1438 germanum
569 1390 705 1424 tamen
737 1389 829 1424 ante
862 1383 933 1423 sed
965 1388 1187 1436 memento,

303 1445 509 1485 doctrinae
542 1444 747 1497 columen,
779 1443 955 1483 Probum
987 1443 1200 1497 advocare,

303 1507 372 1546 isti
404 1507 475 1558 qui
506 1505 610 1545 valet
640 1505 862 1545 exarationi

304 1566 544 1606 destrictum
575 1565 707 1605 bonus
739 1563 940 1618 applicare
973 1564 1095 1604 theta.

301 1628 395 1667 novi
428 1626 499 1667 sed
530 1625 655 1680 hene,
686 1637 768 1666 non
800 1623 940 1664 refello
974 1624 1150 1678 culpam,

301 1699 377 1727 nec
409 1687 538 1727 doctis
570 1685 702 1740 placet
732 1684 946 1738 impudens
977 1690 1113 1739 poeta;

304 1747 374 1788 sed
406 1759 482 1788 nec
514 1747 673 1800 turgida
706 1744 988 1786 contumeliosi

304 1807 467 1848 lectoris
499 1809 670 1848 nimium
702 1805 873 1846 verebor
906 1818 993 1859 ora,

306 1869 340 1908 si
372 1873 576 1921 tamquam
608 1869 767 1920 gravior
800 1868 1058 1919 severiorque

305 1933 467 1968 nostrae
499 1928 790 1981 Terpsichores
822 1928 956 1967 iocum
988 1927 1170 1966 refutans

305 1993 445 2041 rugato
478 1988 574 2029 Cato
606 1990 752 2029 tertius
784 1986 928 2028 labello

305 2061 443 2088 narem
475 2049 813 2089 rhinoceroticam
843 2049 1031 2088 minetur.

304 2121 385 2148 non
416 2114 456 2148 te
488 2114 640 2149 terreat
671 2109 737 2150 hic
769 2110 890 2149 nimis
922 2109 1096 2161 peritus3

305 2181 445 2209 verum
478 2170 513 2209 si
545 2171 684 2222 cupias
715 2169 906 2223 probare,
938 2173 1048 2208 tanta

304 2228 440 2270 nullus
473 2231 565 2283 scit,
597 2230 697 2270 mihi
728 2230 867 2283 crede,
899 2233 1046 2281 quanta
1079 2229 1218 2268 nescit.

95 2417 342 2455 Wilamowitz
360 2421 372 2465 ΙΙ
393 2421 462 2454 342
487 2417 647 2454 tetricus
671 2419 802 2467 vulyo,·
826 2419 875 2463 cf.
900 2418 1068 2455 Juvenal.
1089 2417 1150 2463 II,
1168 2418 1248 2464 401}

162 2484 391 2512 Arontnums
411 2485 458 2512 od.
477 2486 510 2512 M
517 2493 536 2512 ο
543 2486 562 2512 h
570 2493 594 2512 r.
1203 2482 1250 2514 20

1378 128 1469 172 305

560 2323 573 2367 R
616 2326 687 2358 324
723 2321 899 2367 fragrant
934 2322 1065 2367 vulqo;
1102 2320 1269 2367 flagrant
1305 2321 1410 2358 codd.
1456 2321 1470 2369 Η

86 2372 159 2404 3-29
184 2372 315 2406 tueare
344 2370 422 2415 GP,
449 2371 558 2406 tuate
585 2369 653 2417 Fss
677 2374 747 2407 335
775 2369 993 2406 districtum
1018 2369 1122 2406 codd.
1154 2370 1168 2415 ss
1198 2372 1269 2406 336
1296 2369 1380 2417 sed]
1408 2371 1470 2406 sat
