1592 2612
132 134 218 177 106
623 127 773 164 LIBER
799 126 1028 172 QUINTUS.

129 247 220 276 rum
245 232 474 274 munusculi
505 233 590 271 vice
618 230 760 285 detuli3
794 240 1048 282 quamquam,
1082 239 1184 280 quae
1210 231 1279 268 tua
1306 226 1513 278 sanctitas,

130 306 289 348 semper
320 293 483 345 grandia
515 292 669 331 litteras
701 295 859 331 nostras
891 290 1072 342 praemia
1098 292 1228 341 putes.
1281 285 1321 329 3.
1353 287 1514 327 interea

128 355 411 396 necessitatem
452 352 620 405 praefati
658 352 868 404 portitoris
906 351 1088 403 insinu0‚
1127 361 1247 402 quem
1279 348 1404 388 traxit
1436 347 1518 387 isto

128 415 280 468 negotii
312 413 442 453 oborti
473 412 663 465 bipertita
696 411 891 452 condicio.
951 409 1152 463 siquidem
1177 409 1252 449 hac
1282 407 1519 449 definitione

93 476 323 529 sperrexit,
362 478 406 514 ut
443 478 511 513 aut
543 474 651 513 ineat
682 471 794 512 litem
826 476 894 511 aut
926 470 1042 511 adeat
1073 469 1352 510 hereditatem.
1415 479 1512 509 nam

127 534 300 589 patrueli
324 539 490 587 paterno
519 532 662 573 caelibi
688 534 958 584 intestatoque
980 531 1168 571 defuncto
1189 542 1263 583 per
1284 530 1517 583 agnationis

126 596 441 649 praerogativam
474 593 692 634 succedere
724 597 850 646 parat,
883 593 963 632 nisi
994 596 1131 632 tamen
1157 592 1312 644 coeptis
1345 590 1514 631 factiosa

126 657 185 695 vis
219 655 360 695 obviet.
424 659 562 694 contra
595 666 694 706 quas
732 659 867 693 tamen
900 657 1066 693 cunctas
1105 650 1364 692 difficultates
1397 650 1510 691 solus

126 721 217 769 post
243 727 359 768 opem
386 714 535 755 Christi
565 714 737 767 supplici
763 718 831 754 tuo
860 713 1027 767 sufficis,
1059 714 1175 753 cuius
1203 711 1361 752 confido
1388 711 1511 765 quod,

73 789 107 814 10
128 778 162 816 si
205 776 400 816 meruerit
449 787 622 828 persona
666 775 852 828 gratiam,
904 777 1177 826 consequetur
1222 785 1343 813 causa
1387 773 1514 812 victo-

127 838 237 876 riam.
289 835 384 876 vale.

788 951 843 995 II.

348 1035 577 1073 SIDONIUS
604 1035 887 1072 NYMPHIDIO
916 1034 1010 1072 SUO
1039 1035 1284 1072 SALUTEM.

219 1112 256 1155 1.
282 1113 449 1153 Librum
469 1113 518 1153 de
540 1118 645 1153 statu
665 1115 821 1153 animae
842 1112 975 1153 tribus
1001 1112 1274 1153 voluminibus
1294 1112 1511 1153 inlustrem

126 1175 342 1214 Mamertus
394 1173 635 1214 Claudianus
685 1175 958 1227 peritissimus
1008 1172 1332 1213 Christianorum
1382 1172 1515 1226 philo-

73 1244 107 1271 15
128 1235 277 1287 sophus
323 1239 362 1274 et
401 1233 673 1287 quorumlihet
709 1236 865 1287 primus
908 1233 1161 1274 eruditorum
1199 1235 1294 1274 totis
1335 1237 1513 1274 sectatae

127 1295 402 1348 philosophiae
441 1294 632 1334 memhris
671 1294 826 1335 artibus
864 1294 1127 1348 partibusque
1170 1306 1331 1334 comere
1372 1298 1412 1334 et
1444 1306 1514 1334 ex-

129 1355 259 1395 colere
280 1357 445 1408 curavit,
471 1367 613 1394 novem
634 1368 732 1408 quas
752 1360 896 1395 vocant
915 1355 1048 1395 Musas
1070 1354 1304 1408 disciplinas
1325 1356 1514 1407 aperiens

128 1428 235 1469 esse,
273 1428 353 1455 non
385 1415 564 1455 feminas.
616 1428 788 1469 namque
821 1417 863 1455 in
895 1417 1054 1469 paginis
1087 1417 1175 1455 eius
1207 1414 1354 1468 vigilax
1386 1414 1516 1456 lector

128 1477 306 1516 inveniet
337 1477 493 1516 veriora
525 1477 687 1516 nomina
714 1476 994 1530 Camenarum,
1027 1488 1129 1529 quae
1155 1477 1364 1529 propriam
1390 1475 1440 1516 de
1467 1488 1511 1516 se

74 1546 109 1572 20
129 1536 207 1576 sibi
226 1537 387 1588 pariunt
406 1538 755 1589 nuncupationem.
789 1537 872 1577 illic
899 1538 1008 1577 enim
1029 1541 1069 1576 et
1087 1538 1349 1589 grammatica
1369 1535 1513 1576 dividit

129 1601 168 1636 et
201 1597 372 1636 oratoria
405 1596 599 1637 declamat
631 1602 671 1637 et
703 1598 955 1638 arithmetica
987 1601 1175 1637 numerat
1200 1602 1241 1637 et
1266 1597 1514 1650 geometrica

128 1658 293 1696 metitur
325 1662 365 1696 et
396 1659 548 1697 musica
581 1657 777 1710 ponderat
809 1662 849 1698 et
875 1657 1084 1698 dialectica
1111 1657 1290 1711 disputat
1314 1662 1355 1698 et
1381 1661 1510 1698 astro—

129 1716 232 1769 logia
263 1719 494 1769 praenoscit
526 1723 566 1757 et
597 1718 909 1758 architectonica
941 1719 1063 1759 struit
1095 1723 1136 1758 et
1166 1719 1335 1758 metrica
1368 1718 1511 1758 modu—

129 1776 244 1817 latur.
284 1775 322 1816 2.
342 1777 462 1817 huius
483 1777 668 1818 lectionis
689 1780 863 1818 novitate
890 1778 1061 1819 laetatus
1082 1780 1361 1831 excitatusque
1381 1783 1512 1819 matu-

75 1846 110 1874 25
130 1838 246 1876 ritate
286 1838 431 1890 raptim
470 1838 758 1878 recensendam
796 1839 1220 1893 transferendamque,
1261 1843 1308 1879 ut
1338 1838 1512 1892 videras,

129 1898 284 1950 petisti,
315 1902 360 1937 ut
390 1899 584 1952 petieras,
623 1900 849 1951 impetrasti
882 1899 956 1939 sub
991 1901 1208 1952 sponsione
1242 1900 1344 1939 citae
1377 1898 1513 1939 redhi-

129 1957 306 1997 bitionis.
368 1969 443 1997 nec
482 1970 545 1998 me
584 1958 668 1998 salli
705 1971 780 1999 nec
819 1964 858 1999 te
898 1959 1035 2000 fallere
1069 1960 1196 2000 decet.
1260 1965 1421 2013 tempus
1454 1963 1518 1999 est

130 2017 378 2057 commodata
410 2019 584 2072 restitui,
618 2020 710 2071 quia
743 2018 846 2059 liber
878 2021 978 2074 ipse,
1012 2021 1047 2060 si
1078 2020 1243 2074 placuit,
1275 2019 1416 2060 debuit
1447 2032 1515 2060 ex-

231 2125 248 2156 1
278 2121 399 2157 detuli
424 2132 500 2168 eqo,
527 2120 667 2157 detulit
686 2123 789 2159 codd.
814 2124 819 2169 Ι
844 2127 909 2169 (cm
935 2124 997 2159 cui
1021 2135 1098 2160 non
1120 2135 1263 2160 vacans
1283 2125 1354 2169 (vel
1373 2134 1515 2164 vacans

134 2169 297 2215 animus)
331 2181 399 2215 per
434 2180 542 2204 suam
575 2171 643 2209 (vel
674 2171 802 2206 nescio
835 2174 965 2217 quam)
998 2172 1235 2218 provinciam
1266 2171 1364 2208 fuit?
1402 2172 1518 2209 ,Παπ-

127 2217 291 2263 johann)
322 2219 334 2263 ΙΙ
365 2222 388 2253 4
413 2217 485 2252 hac
512 2217 741 2254 diffinitione
768 2224 921 2265 praeter
945 2219 1051 2256 tione
1077 2222 1120 2257 in
1147 2232 1222 2258 ras.
1250 2221 1314 2256 Ml
1342 2224 1348 2266 Ι
1377 2219 1519 2256 diffini-

133 2264 240 2301 tione
266 2266 373 2311 (eo‘rr.
400 2277 445 2302 ex
472 2265 668 2302 diffinione
698 2267 756 2314 0¹)
768 2267 837 2303 GT
854 2270 865 2314 ΙΙ
888 2271 931 2304 15
958 2281 1010 2305 a‘n
1036 2270 1228 2305 secretae?
1254 2269 1518 2316 hammam

134 2314 180 2358 cf.
201 2325 255 2360 ep.
279 2314 369 2359 VII,
383 2317 419 2359 9,
432 2316 456 2349 9
476 2315 644 2350 sectatae
664 2315 939 2352 anachoreseos
959 2318 971 2363 ΙΙ
992 2321 1036 2352 22
1063 2317 1211 2353 musica
1229 2322 1264 2354 et
1283 2321 1336 2355 23
1358 2316 1520 2353 metrica.

135 2362 255 2398 locum
272 2366 416 2398 mutare
435 2363 543 2399 macit
563 2363 811 2400 Wilamowitz
830 2366 841 2410 ΙΙ
861 2369 906 2400 23
928 2364 1228 2402 architectonica
1247 2365 1367 2412 LMl,
1394 2363 1519 2401 archi-

134 2409 322 2446 tectorica
349 2410 584 2456 M²0T1128
610 2410 709 2447 liber
733 2423 800 2448 om.
830 2412 862 2449 Ο
875 2414 887 2458 Η
