1592 2612
642 112 935 151 PRAEFATIO.
1391 109 1482 145 XIII

99 219 365 274 archetypum
414 218 604 272 confecit,
655 217 859 268 corrigere
910 213 1047 267 vellet,
1097 214 1274 266 primum
1319 211 1482 251 omissis

99 279 308 335 prioribus
350 278 485 319 verbis
535 279 717 330 ineptum
768 275 866 315 illud
913 276 1198 327 persuasionis
1243 272 1484 324 excogitavit

104 336 306 398 (ceterum
337 339 415 379 hoc
446 350 594 379 nomen
626 337 730 390 apud
759 336 969 376 Sidonium
995 346 1194 387 nusquam
1220 332 1317 373 alibi
1342 326 1484 386 extat),

100 406 187 442 tum
220 413 270 441 ex
301 399 328 452 ἓ
354 398 383 441 5
422 402 530 439 iram
567 401 662 449 reqi
695 397 850 448 feroci,
888 397 1058 447 placido
1096 395 1391 435 verecundiam
1423 394 1484 432 in-

101 461 271 514 ferrent
301 460 377 500 hoc
409 459 577 499 verbum
610 457 836 498 inculcavit.
887 455 1002 504 Quod
1036 456 1071 495 si
1101 456 1154 494 ita
1181 458 1243 494 est
1269 476 1326 481 —-
1351 464 1484 504 neque

108 522 247 574 negari
274 521 424 574 poterit
448 519 543 560 huic
570 519 868 559 ratiocinationi
894 515 1045 569 aliquid
1071 513 1368 568 probabilitatis
1389 511 1484 552 sub-

108 593 199 622 esse
227 603 284 610 —-
311 581 450 620 videor
481 580 581 620 mihi
612 579 699 618 loco
732 580 798 631 ita,
830 582 875 618 ut
900 578 990 630 feci,
1022 576 1130 616 edito
1157 587 1276 627 quam
1301 574 1486 627 proxime

106 641 158 682 ad
189 643 401 682 veritatem
433 641 665 680 accessisse.
699 662 756 667 —-
788 637 844 678 lb.
872 636 898 678 9
933 643 973 678 et
1005 639 1047 677 in
1079 638 1339 685 tractatorio,
1379 632 1486 686 quod

101 703 182 742 iam
203 701 506 743 Gustafssonius
533 702 761 753 suspicatus
788 703 886 752 erat,
912 698 1127 750 genuinam
1153 695 1368 736 lectionem
1392 705 1483 733 esse

104 767 147 803 et
177 762 363 803 codicum
395 763 596 814 scriptura
629 766 668 800 et
702 758 964 799 similitudine
997 757 1178 797 locorum
1209 755 1486 795 Plinianorum

106 824 150 863 in
182 822 438 862 adnotatione
471 822 610 861 critica
644 820 854 860 allatorum
887 817 1182 871 comprobatur.
1243 815 1300 856 De
1332 813 1487 855 voculis

105 890 146 924 et
177 887 218 923 et
249 885 281 923 it
311 884 419 922 inter
451 894 494 921 se
526 882 764 934 permutatis
801 879 849 920 cf.
883 881 1003 919 etiam
1035 890 1096 930 ep.
1122 877 1170 931 ΙΙ,
1196 875 1236 931 9,
1263 875 1302 916 9.
1338 899 1394 904 -
1426 874 1483 914 Ib.

109 942 295 984 codicum
325 941 399 981 LN
430 942 599 994 vestigia
631 945 795 981 secutus
823 938 1133 991 praefectorius
1165 938 1339 991 restitui,
1380 934 1488 989 quod

110 1015 205 1044 cum
243 1001 420 1043 librariis
459 1006 626 1055 propter
664 1000 906 1040 antecedens
945 998 1043 1038 illud
1077 997 1375 1049 praefectoriis
1407 996 1488 1036 dis-

111 1063 284 1117 pliceret
316 1068 357 1103 et
388 1061 601 1103 obscurius
628 1074 717 1101 esse
743 1060 961 1113 videretur,
993 1057 1174 1099 Ferreoli
1199 1070 1348 1097 nomen
1374 1069 1489 1109 repe-

110 1125 300 1164 tiverunt.
328 1145 384 1151 —
417 1122 472 1162 Ib.
504 1121 559 1163 10
590 1124 710 1163 valde
741 1123 932 1172 nequiter
963 1123 1174 1161 constaret
1205 1122 1315 1158 recte
1349 1130 1391 1157 se
1419 1117 1489 1156 ha-

109 1183 207 1224 bere
240 1195 405 1237 censeo3
444 1185 634 1233 nequiter
671 1182 779 1222 idem
811 1185 873 1221 est
912 1180 1018 1234 quod
1056 1181 1258 1219 malitiose
1294 1177 1358 1218 vel
1391 1191 1489 1229 per-

110 1246 271 1294 fidiose,
303 1249 513 1285 constaret
551 1248 686 1283 autem
723 1242 876 1282 dictum
914 1253 1003 1281 esse
1036 1244 1134 1293 puto
1171 1251 1245 1292 pro
1283 1240 1364 1279 sibi
1394 1250 1489 1279 con-

111 1309 245 1345 staret
283 1305 308 1344 i.
348 1316 382 1344 e.
422 1306 571 1345 iterum
613 1303 871 1354 affirmaret;
915 1301 964 1341 de
1005 1301 1262 1341 coniunctivo
1300 1312 1334 1338 v.
1368 1311 1429 1351 ep.
1461 1297 1491 1351 I,

116 1363 186 1418 11,
208 1362 264 1406 16
298 1366 392 1405 dixi
416 1396 425 1404 .
446 1396 455 1404 .
477 1396 487 1404 .
508 1396 516 1404 .
542 1366 681 1404 sciret.
732 1362 863 1403 Locus
896 1363 1020 1414 igitur
1046 1360 1284 1401 Germanice
1318 1361 1372 1399 ita
1405 1359 1491 1398 fere

114 1424 231 1465 reddi
262 1429 412 1478 potest:
445 1421 527 1464 ‘die
557 1423 786 1464 Gesandten
819 1428 1096 1475 antworteten,
1128 1420 1346 1473 allerdings
1378 1419 1493 1459 recht

114 1484 286 1538 boshast,
331 1497 376 1524 er
420 1484 518 1524 solle
561 1484 805 1538 bestatigen,
849 1483 941 1523 dass
981 1495 1031 1523 er
1073 1481 1228 1522 selbst
1266 1481 1344 1521 den
1381 1478 1498 1519 Brief

113 1544 280 1585 diktiert
317 1541 447 1585 habe?
512 1545 569 1585 Cf.
603 1546 724 1584 etiam
763 1557 864 1597 quae
903 1543 1209 1595 subsequuntur
1250 1543 1311 1582 bis
1350 1547 1494 1590 terque

114 1607 291 1656 repetita
324 1605 591 1656 confessione.
625 1628 682 1632 —
714 1604 770 1644 Ib.
803 1603 856 1644 12
889 1603 937 1643 ad
969 1606 1171 1654 serpentis
1204 1603 1415 1653 Epidauri
1444 1600 1493 1640 cf.

116 1665 208 1706 Sen.
233 1664 402 1705 Phaedr.
431 1663 543 1707 1031
586 1668 707 1706 limen
746 1666 956 1716 Epidauri
996 1666 1074 1704 dei.
1109 1686 1165 1690 —
1198 1662 1232 1716 I,
1260 1661 1305 1716 8,
1334 1659 1358 1702 1
1400 1659 1493 1701 sub-

114 1727 333 1766 stantivum
365 1727 517 1766 bibitor
549 1731 590 1766 et
617 1738 755 1765 rarum
781 1725 1021 1765 adiectivum
1046 1726 1254 1764 Araricus
1280 1735 1301 1762 a
1327 1722 1494 1762 librario

116 1787 338 1838 excogitata
371 1798 461 1826 esse
494 1799 586 1826 cum
617 1786 718 1826 mihi
746 1784 991 1838 persuadere
1018 1796 1099 1824 non
1124 1795 1299 1836 possem,
1331 1783 1493 1823 retinui.

116 1869 173 1874 —
206 1846 261 1887 lb.
294 1851 387 1899 post
418 1848 591 1887 nebulas
623 1851 762 1886 contra
789 1845 818 1886 C
851 1848 957 1886 enim
984 1844 1163 1885 scribere
1190 1855 1270 1883 non
1297 1842 1495 1896 dubitavi3

117 1919 209 1947 nam
243 1906 423 1947 eiusdem
457 1908 754 1947 coniunctionis
786 1907 1027 1959 repetitione
1060 1904 1251 1944 librarius
1283 1903 1399 1943 facile
1426 1902 1494 1942 ad-

114 1966 208 2007 duci
248 1968 397 2021 potuit,
441 1972 487 2007 ut
531 1980 620 2007 eam
658 1967 784 2007 altero
822 1966 910 2006 loco
956 1965 1031 2006 alia
1076 1978 1172 2005 voce
1217 1969 1403 2004 mutaret.
1436 1987 1493 1991 —

115 2026 172 2068 lb.
199 2026 226 2068 2
264 2039 345 2068 non
384 2033 446 2067 est
484 2040 557 2068 cur
595 2029 836 2068 iudicavisti
872 2026 1119 2079 repudietur.
1182 2024 1237 2064 De
1278 2026 1498 2065 iudicandi

115 2086 239 2128 verbo
273 2087 459 2128 similiter
491 2092 683 2141 usurpato
711 2088 758 2127 cf.
787 2100 848 2140 ep.
874 2087 936 2141 VI,
962 2085 1003 2140 9,
1033 2086 1068 2127 1.
1098 2109 1153 2114 ——
1180 2085 1209 2139 Ι,
1236 2083 1262 2125 9
1296 2086 1417 2125 inscr.
1445 2084 1494 2124 de

118 2148 302 2189 Herenio
334 2161 369 2188 v,
397 2161 457 2201 ep.
485 2148 513 2201 1,
539 2146 568 2189 5
599 2150 719 2188 inser.
749 2171 804 2175 —
838 2147 893 2188 lb.
921 2148 948 2188 ἶ)
982 2147 1029 2186 ad
1056 2151 1272 2187 reservata
1298 2146 1347 2186 cs.
1374 2147 1495 2185 etiam

117 2207 257 2248 Aleim.
284 2208 383 2248 Avit.
410 2222 447 2261 p.
475 2207 545 2262 92,
572 2207 598 2249 2
632 2212 675 2249 in
708 2210 855 2258 quibus
886 2220 984 2248 vere
1011 2210 1122 2258 plus,
1161 2218 1284 2256 qzcam
1312 2218 1496 2258 persona

117 2271 280 2322 meruit,
300 2271 532 2320 patientiae
557 2271 801 2310 reservastis
808 2283 824 2316 ;
849 2267 970 2308 Hilar.
992 2272 1040 2307 tr.
1063 2280 1092 2307 s,
1113 2266 1252 2320 psalm.
1275 2279 1313 2319 p.
1335 2264 1436 2320 619,
1450 2263 1495 2319 83

119 2326 220 2383 803,
248 2327 322 2383 123
356 2327 461 2382 843,
490 2327 557 2370 18.
621 2329 721 2369 Item
752 2330 978 2380 reputandi
1009 2333 1048 2367 et
1079 2329 1346 2368 retractandi
1375 2326 1495 2366 verba

120 2401 201 2429 non
227 2402 318 2430 raro
346 2389 588 2442 simplicium
615 2389 748 2429 locum
774 2394 912 2429 tenere
940 2392 1079 2428 notum
1106 2393 1184 2443 est3
1211 2388 1259 2428 cf.
1279 2387 1495 2427 Woelfflin.
