1592 2612
152 142 382 183 SIDONIUS
406 143 607 182 DOMINO
633 143 798 181 PAPAE
825 143 1022 181 GRAECO
1050 143 1294 181 SALUTEM.
1359 143 1444 186 141

53 252 201 302 petens
206 278 220 301 ,
261 251 309 288 ut
351 247 624 287 conscientiae
668 251 762 287 tuae
799 245 1007 286 beatitudo
1045 247 1180 286 mittat
1217 247 1447 286 orationum

55 319 224 349 suarum
255 307 464 362 suffragia,
502 306 652 360 quibus
690 306 873 360 exempla
905 308 1143 347 transmisit.
1209 305 1248 347 7.
1281 310 1322 346 et
1353 307 1447 359 quia

53 367 133 410 tibi
165 367 244 409 soli
273 379 467 408 concessa
499 372 562 408 est
591 372 686 421 post
715 379 882 408 avorum
919 368 1159 408 memoriam
1194 366 1259 407 vel
1290 367 1447 408 confes-

55 441 193 470 sorem
222 427 495 483 Ambrosium,
526 428 700 469 duorum
731 433 956 482 martyrum
982 432 1248 482 repertorem,
1279 428 1323 468 in
1354 440 1447 481 par-

53 489 166 531 tibus
199 488 312 530 orbis
343 489 503 530 occidui
532 490 724 542 martyris
755 488 938 530 Ferreoli
975 488 1104 529 solida
1134 488 1345 529 translatio
1379 487 1447 528 ad·
1487 500 1504 526 5

55 551 162 591 iecto
194 551 326 591 nostri
351 551 482 603 capite
507 549 665 603 Iuliani,
698 549 806 603 quod
833 550 956 590 istinc
980 549 1215 591 turbulento
1243 548 1448 602 quondam

55 611 313 664 persecutori
341 622 486 651 manus
518 610 677 651 rettulit
702 615 870 651 cruenta
896 611 1113 665 carnificis,
1144 622 1227 650 non
1252 611 1448 650 iniurium

56 676 137 725 est,
176 671 284 725 quod
320 683 395 725 pro
434 673 762 725 compensatione
802 671 1079 725 deposcimus,
1117 676 1163 711 ut
1201 670 1320 711 nobis
1351 670 1447 711 inde

55 733 193 773 veniat
222 743 317 786 pars
347 733 578 787 patrocinii,
610 733 706 785 quia
736 731 851 772 vobis
883 732 979 772 hinc
1005 732 1128 772 rediit
1153 744 1247 785 pars
1273 732 1446 784 patroni.

57 805 213 833 memor
243 794 376 833 nostri
407 805 498 833 esse
531 792 716 847 dignare,
749 792 911 833 domine
945 805 1059 846 papa.
1468 807 1503 832 10

726 958 783 1003 H.

181 1041 412 1079 SIDONIUS
437 1041 635 1079 DOMINO
662 1041 826 1078 PAPAE
852 1041 1051 1079 GRAECO
1079 1040 1323 1078 SALUTEM.

153 1117 190 1160 1.
231 1117 404 1174 Oneras,
442 1120 839 1160 consummatissime
871 1119 1130 1174 pontificum,
1162 1118 1451 1159 verecundiam

58 1192 203 1234 meam,
234 1179 455 1220 multifaria
480 1180 597 1221 laude
625 1180 880 1234 cumulando,
913 1182 949 1220 si
981 1180 1079 1233 quid
1107 1179 1199 1220 stilo
1226 1181 1448 1220 rusticante

58 1252 312 1294 peraravero.
369 1245 490 1294 atque
522 1242 678 1281 utinam
710 1246 827 1282 reatu
859 1245 1007 1295 careat,
1039 1240 1147 1294 quod
1180 1241 1341 1293 apicum
1367 1242 1449 1293 pri-

58 1313 173 1342 more
212 1313 434 1354 congressu
474 1314 718 1355 quamquam
760 1303 1094 1355 circumscriptus
1126 1302 1289 1341 veritati
1320 1300 1449 1341 resul-
1471 1315 1505 1342 15

58 1363 187 1402 tantia
211 1366 347 1402 tamen
374 1366 415 1402 et
440 1361 599 1402 diversa
625 1364 815 1416 conexui3
841 1363 1093 1415 ignorantiae
1116 1362 1317 1415 siquidem
1337 1374 1450 1402 meae

60 1421 231 1462 callidus
263 1423 393 1462 viator
423 1424 629 1475 imposuit.
671 1435 764 1463 nam
790 1423 887 1463 dum
914 1423 1046 1463 solum
1071 1424 1310 1463 mercatoris
1335 1435 1451 1476 prae-

59 1482 191 1523 tendit
223 1482 421 1536 officium,
458 1482 614 1523 litteras
652 1495 764 1523 meas
802 1483 851 1523 ad
883 1484 1076 1524 formatae
1108 1484 1256 1537 vicem,
1295 1482 1453 1524 scilicet

61 1548 108 1584 ut
146 1542 292 1597 lector,
331 1542 491 1596 elicuit,
531 1543 602 1583 sed
642 1556 740 1596 quas
779 1543 954 1596 aliquam
993 1544 1213 1596 gratiarum
1252 1545 1453 1584 actionem

62 1604 273 1644 continere
300 1602 516 1643 decuisset.
568 1616 756 1658 namque,
773 1609 833 1644 'ut
857 1609 950 1657 post
976 1605 1169 1658 comperi,
1194 1603 1284 1656 plus
1310 1604 1452 1644 Massi·
1473 1619 1507 1644 20

45 1664 254 1713 'liensium
290 1663 540 1716 benignitate
578 1664 784 1717 profectus
824 1669 904 1718 est,
946 1676 1066 1717 quam
1105 1668 1233 1704 status
1276 1666 1340 1704 sui
1379 1677 1453 1704 seu

61 1736 137 1778 per
175 1736 344 1765 censum
383 1737 455 1764 seu
493 1737 567 1777 per
606 1725 798 1765 familiam
830 1725 959 1764 forma
990 1729 1210 1778 pateretur.
1275 1723 1315 1764 2.
1350 1737 1452 1777 quae

61 1790 198 1826 tamen
229 1790 275 1826 ut
307 1790 419 1838 gesta
452 1790 547 1825 sunt
579 1787 614 1825 si
647 1786 850 1839 quispiam
883 1785 1029 1838 dignus
1062 1784 1212 1825 relator
1238 1784 1453 1838 evolveret,

62 1845 209 1886 fierent
246 1845 420 1886 iucunda
458 1851 694 1886 memoratu.
759 1846 830 1886 sed
864 1847 1055 1898 quoniam
1086 1845 1236 1885 iubetis
1269 1846 1367 1899 ipsi,
1408 1850 1454 1886 ut

63 1905 215 1959 aliquid
247 1905 361 1946 vobis
395 1919 417 1946 a
448 1919 512 1946 me
546 1905 696 1947 laetum
723 1908 1014 1960 copiosumque
1041 1907 1186 1959 pagina
1213 1906 1327 1960 ferat,
1360 1905 1450 1946 date
1474 1919 1508 1946 25

15 2012 23 2020 ⁸
63 1968 240 2020 veniam,
280 1968 315 2007 si
346 1966 450 2007 hanc
483 1968 612 2019 ipsam
644 1967 845 2007 tabellarii
876 1968 1007 2007 nostri
1038 1965 1355 2019 hospitalitatem
1388 1979 1453 2006 co-

65 2028 183 2067 micis
217 2026 368 2067 salibus
408 2027 717 2080 comparandam
751 2027 858 2068 salva
890 2032 1116 2067 vestrarum
1149 2028 1308 2067 aurium
1341 2039 1453 2067 seve-

64 2088 183 2128 ritate
209 2089 545 2141 perstringamus,
571 2100 622 2128 ne
649 2088 827 2129 secundo
854 2089 1103 2128 insinuatum
1129 2099 1210 2127 non
1236 2100 1344 2127 nunc
1370 2089 1453 2140 pri-

65 2160 176 2188 mum
209 2160 329 2188 nosse
361 2148 581 2188 videamur.
646 2148 766 2189 simul
798 2154 856 2203 et,
890 2150 925 2188 si
956 2150 1082 2188 moris
1116 2153 1178 2188 est
1211 2147 1453 2202 regularum,

163 2293 185 2326 2
211 2289 260 2334 cf.
289 2289 399 2336 Greq.
428 2289 518 2326 Tur.
546 2290 590 2326 de
621 2291 748 2327 virtut.
777 2290 813 2326 S.
840 2290 992 2326 Iuliani
1015 2300 1045 2326 c.
1067 2293 1093 2326 2
1125 2290 1137 2335 ΙΙ
1170 2293 1192 2324 4
1218 2289 1328 2334 parte
1355 2288 1394 2324 Ρ
1420 2294 1455 2326 et

67 2348 161 2374 corr.
187 2341 231 2374 ut
255 2349 287 2374 v.
314 2349 360 2374 ex
385 2337 487 2383 parti
515 2338 610 2384 M¹11
640 2342 681 2373 11
709 2350 764 2384 ep.
786 2339 838 2374 II
858 2343 972 2374 totam
998 2349 1067 2374 om.
1088 2336 1259 2373 LNVT
1275 2338 1286 2382 ΙΙ
1307 2340 1354 2372 24
1378 2336 1455 2384 ipsi

66 2384 327 2432 Duetq‘ohwnn,
358 2385 442 2432 ipse
468 2386 572 2423 codd.
611 2388 623 2433 11
661 2389 706 2422 28
738 2398 816 2422 non
845 2386 978 2432 CPF,
1010 2389 1036 2421 fi
1056 2397 1116 2423 *ηε
1136 2386 1198 2431 Μ,
1232 2396 1300 2421 nos
1328 2385 1405 2423 Leo
1442 2387 1454 2432 {l

67 2437 114 2470 29
138 2433 256 2469 moris
282 2436 341 2470 est
365 2434 585 2481 regularum
609 2436 675 2472 vix
700 2446 834 2472 sanum
853 2438 865 2481 Η
