1592 2612
141 100 233 144 232
603 115 616 154 ·.
649 100 796 137 LIBER
819 101 998 138 NONUS.

324 206 564 254 resonetque
594 203 743 242 mixtus
776 201 842 242 ille
873 215 946 255 pes
980 202 1254 259 celerrimus„

323 261 425 301 bene
457 266 709 314 nuncupatus
742 262 941 315 quondam
973 262 1026 312 ab·
1054 267 1138 303 arte
1169 262 1372 320 pyrricha,

322 321 409 361 loco
441 321 631 361 locandus
663 322 942 375 undecumque
975 324 1018 363 in
1049 322 1209 378 ultim03

246 389 292 422 10
323 381 515 433 spondam
542 381 706 422 daturus
739 387 779 422 et
811 382 980 423 subinde
1012 385 1167 437 versui,

320 440 438 480 modo
471 442 513 480 in
543 443 678 494 priore
710 447 842 496 parte,
873 455 980 483 nunc
1012 444 1056 483 in
1087 445 1236 485 extima

321 505 575 555 anapaestus,
607 503 693 554 ipse
726 515 965 555 quamquam
999 508 1039 543 et
1070 503 1294 546 absolutius

320 563 621 615 pronuntietur,
654 574 745 602 cum
778 567 914 603 secuta
945 565 1064 604 tertia

320 621 500 672 geminae
531 621 723 674 brevique
755 622 872 675 longa
905 623 1094 664 adhaeret
1125 624 1285 678 syllaba.

245 711 288 744 15
381 704 488 751 Quae
521 710 744 758 temperare
777 708 842 746 vix
874 707 976 747 valet
1007 710 1215 761 gregarius

319 769 453 818 poeta,
485 770 529 804 ut
560 766 646 818 ipse
680 768 813 806 cernis
846 779 934 807 esse
968 767 1153 823 Sollium3

318 823 418 863 mihi
448 829 592 876 pecten
625 831 732 866 errat
762 839 838 866 nec
869 840 942 880 per
974 840 1043 868 ora
1076 841 1247 870 concava

318 896 414 936 vaga
446 883 580 937 lingua
612 885 760 926 flexum
793 892 1068 940 competenter
1099 889 1272 943 explicat

231 981 234 985 .
319 956 427 996 epos.
485 945 554 984 sed
586 946 693 985 istud
726 948 857 999 aptius
888 950 1088 1000 paraverit

241 1011 288 1043 20
318 1003 417 1056 Leo,
449 1003 595 1044 Leonis
628 1011 695 1046 aut
726 1012 887 1064 sequtus
921 1008 1071 1068 orlQitas

319 1068 436 1103 cantu
468 1065 510 1103 in
542 1064 700 1120 Latino,
733 1079 823 1106 cum
855 1069 967 1120 prior
999 1070 1051 1109 sit
1081 1069 1212 1111 Attico

318 1122 623 1165 Consentiorum
657 1128 727 1179 qui
759 1133 964 1180 superstes
998 1133 1059 1169 est
1089 1132 1213 1185 patri,

319 1183 415 1237 fide,
447 1197 561 1239 voce,
592 1188 732 1226 met-ris
765 1187 813 1227 ad
845 1187 995 1229 fluenta
1025 1189 1168 1242 Pegasi

318 1245 512 1284 cecinisse
546 1244 676 1286 dictus
710 1247 946 1289 omniforme
979 1251 1198 1305 canticum,

239 1310 284 1342 25
318 1305 581 1357 quotiensque
613 1306 733 1357 verba
765 1307 882 1348 Graia
914 1311 1195 1351 carminaverit

317 1365 495 1403 tenuisse
528 1365 632 1405 celsa
664 1368 824 1408 iunctus
857 1373 963 1409 astra
995 1369 1167 1410 Pindaro

314 1428 570 1477 montemque
601 1427 728 1466 victor
759 1429 838 1468 isse
870 1441 944 1481 per
974 1429 1208 1471 biverticem

315 1482 435 1523 nullis
469 1486 668 1526 secundus
700 1488 806 1527 inter
838 1494 951 1529 antra
981 1489 1182 1543 Delphica.

316 1547 355 1582 at
386 1548 555 1596 uterque
586 1551 720 1586 vatum
753 1549 787 1587 si
819 1547 926 1601 lyrae
958 1552 1140 1603 poeticae

230 1610 277 1642 30
309 1601 464 1643 Latiare
498 1617 658 1646 carmen
691 1612 798 1660 aptet
830 1608 980 1662 absque
1012 1610 1175 1666 Dorico,

314 1662 534 1721 Venusina,
565 1664 722 1721 Flacce,
753 1667 905 1720 plectra
938 1671 1098 1723 ineptus
1132 1684 1273 1713 exeras
1321 1690 1327 1697 ·

313 1722 548 1776 Iapygisque
580 1738 700 1766 verna
732 1740 881 1780 cygnus
913 1729 1045 1770 Aufidi

312 1782 473 1822 Atacem
504 1789 643 1824 tonare
675 1799 766 1826 cum
799 1790 883 1828 suis
916 1789 1094 1831 oloribus

313 1855 410 1882 cana
442 1848 482 1882 et
514 1857 659 1885 canora
691 1847 790 1887 colla
822 1850 950 1889 victus
983 1852 1174 1903 ingemas.

1201 1343 1214 1365 7

235 1933 280 1965 35
373 1925 455 1966 Nec
487 1929 562 1967 ista
596 1929 677 1969 sola
711 1936 803 1971 sunt
834 1935 963 1984 perita
994 1940 1176 1990 pectora,

312 1984 406 2025 licet
438 1991 476 2026 et
506 1990 648 2039 peritis
680 1990 778 2031 haec
809 1994 1002 2044 peritiora
1035 1997 1133 2036 sint:

227 2086 261 2110 v.
285 2079 327 2111 17
364 2075 458 2111 mihi
492 2080 629 2123 pecten
656 2083 758 2117 errat
782 2083 1039 2131 Lucet-johann,
1076 2086 1130 2122 mi
1161 2086 1203 2123 in
1234 2089 1386 2134 pectine
1420 2090 1506 2125 erat

131 2123 239 2163 (corr.
265 2124 309 2158 in
334 2125 436 2159 errat
460 2125 527 2170 ΡΙ)
537 2127 587 2172 Ρ,
620 2127 673 2163 mi
698 2128 739 2164 in
770 2130 920 2176 pectine
947 2136 1048 2169 errat
1073 2134 1141 2180 (mi
1165 2135 1180 2170 i
1204 2137 1247 2171 irc
1270 2147 1344 2173 ras.
1367 2137 1507 2181 M1)M

133 2173 167 2205 et
197 2171 239 2205 in
269 2182 383 2218 mary.
411 2173 497 2208 add.
529 2174 583 2209 mi
608 2176 672 2221 M,
712 2177 807 2213 mihi
834 2181 922 2224 (hoc
947 2182 988 2217 in
1019 2187 1111 2219 eaetr.
1138 2195 1170 2220 v.
1191 2186 1257 2229 16)
1284 2183 1325 2219 in
1348 2184 1503 2231 pectine

133 2218 234 2252 errat
259 2219 355 2263 (erat
381 2219 607 2268 F)PF11v.
629 2227 675 2259 25
703 2225 978 2264 carminaverat
1007 2230 1037 2266 O
1063 2231 1076 2276 ΙΙ
1106 2243 1140 2267 v.
1162 2234 1207 2266 28
1232 2231 1331 2268 nulli
1355 2234 1466 2280 vulqo
1493 2233 1497 2272 Ι

132 2266 243 2299 antra
268 2266 517 2313 Imetjohann,
543 2272 647 2306 astra
672 2274 774 2310 codd.
794 2276 807 2321 ΙΙ
826 2287 861 2311 v.
882 2280 925 2312 29
955 2278 996 2312 at
1019 2279 1147 2326 vulgo,
1174 2281 1241 2315 aui:
1267 2279 1305 2327 G,
1334 2282 1394 2316 ast
1419 2281 1507 2317 PF

131 2316 166 2347 et
196 2324 287 2349 corr.
320 2326 364 2350 ex
396 2317 462 2350 aut
487 2317 550 2351 Ml
586 2319 598 2362 ΙΙ
636 2331 668 2355 v.
691 2324 735 2356 33
769 2326 903 2359 ataeen
929 2325 1025 2371 MP,
1066 2329 1206 2373 atagen
1234 2327 1288 2374 F,
1328 2330 1502 2366 a*ta0en

129 2363 168 2404 (1
197 2361 264 2397 litt.
291 2372 381 2398 eras.
406 2363 508 2409 0⁵90
525 2367 530 2411 Ι
553 2377 686 2404 sonare
712 2369 787 2406 Leo
806 2372 818 2416 ΙΙ
