1592 2612
103 136 335 182 summus
357 119 558 180 110111Νο
585 142 748 179 PAPAE:
773 142 1039 180 ΡΕΒΡΕ-Τσο
1067 143 1312 180 SALUTEM.
1365 143 1454 187 155

59 248 275 301 voragines
317 251 360 287 et
401 245 647 299 flagitiorum
690 244 899 286 volutabra
943 245 1143 298 gradienti
1184 246 1453 299 professionis

0 302 5 327 ³
59 308 232 350 huiusce
257 307 417 361 pondus
442 307 664 360 impactum
690 311 770 360 est3
797 310 838 346 et
862 307 977 361 prius
1004 318 1126 359 quam
1150 306 1226 347 ulli
1249 306 1452 347 bonorum

57 368 229 410 reddam
259 367 455 408 discentis
480 366 735 421 obsequium,
767 379 891 419 cogor
916 366 1066 407 debere
1092 368 1241 408 ceteris
1267 367 1451 408 docentis

58 430 253 471 officium.
302 428 478 469 adicitur
500 427 597 468 huic
622 427 927 481 inpossibilitati
951 427 1111 480 pondus
1134 427 1317 481 pudoris,
1342 429 1451 481 quod

61 491 164 532 mihi
187 488 448 544 peculiariter
470 490 641 541 paginae
661 487 876 529 decretalis
896 487 1033 529 oblatu
1052 489 1255 541 pontificis
1275 489 1452 542 eligendi

58 551 283 592 mandastis
320 549 533 590 arbitrium
567 561 703 589 coram
735 554 993 589 sacrosancto
1026 555 1068 589 et
1097 550 1337 602 pontificatu
1368 562 1451 590 ma-

59 614 170 653 ximo
201 611 441 664 dignissimo
473 622 594 663 papa3
626 611 697 662 qui
728 622 822 650 cum
854 611 907 649 sit
935 622 1034 650 suae
1058 611 1292 662 provinciae
1318 616 1451 664 caput,

57 675 115 714 sit
151 673 276 713 etiam
306 671 408 711 mibi
438 683 517 711 usu
548 671 823 723 institutione,
861 670 1049 710 facundia
1079 670 1311 725 privilegio,
1347 676 1451 711 tem-

58 746 159 787 pore
191 737 321 774 aetate
359 732 648 785 praestantior,
686 743 761 784 ego
794 731 925 784 deque
965 743 1182 784 coramque
1215 731 1450 785 metropoli-

57 799 154 835 tano
184 792 309 834 verba
340 792 532 845 facturus,
565 797 606 832 et
637 791 898 845 provincialis
925 796 967 832 et
997 793 1145 846 iunior,
1177 794 1331 844 pariter
1362 792 1449 832 fero

58 855 240 908 imperiti
269 852 570 906 verecundiam,
600 853 786 905 procacis
816 852 1022 892 invidiam.
1082 851 1119 893 7.
1153 852 1226 892 sed
1258 854 1451 906 quoniam

57 920 196 956 vestro
234 916 294 955 sic
317 912 679 967 ·libitum'e1·rori,
715 918 763 953 ut
798 914 886 966 ipse
924 912 1140 966 prudentia
1179 926 1322 954 carens
1353 927 1450 967 pru-

56 976 224 1017 dentem
259 974 375 1014 vobis
412 975 456 1014 in
493 975 691 1026 cuiusque
728 985 946 1026 personam
982 973 1088 1014 bona
1120 973 1246 1014 multa
1278 986 1449 1015 concur-

57 1041 151 1077 rant
181 1035 258 1076 sub
285 1047 361 1088 ope
387 1034 540 1075 Christi
566 1035 803 1087 episcopum
828 1035 1053 1089 exquiram,
1084 1036 1282 1074 noveritis
1308 1035 1448 1076 11111115-

56 1096 169 1138 modi
205 1108 376 1137 assensu
412 1094 585 1135 multum
622 1107 687 1134 me
726 1094 914 1148 honoris,
951 1094 1043 1147 plus
1076 1093 1213 1135 oneris
1245 1097 1447 1149 excipere.

54 1159 237 1212 primore
268 1156 357 1197 loco
389 1155 584 1208 grandem
615 1154 801 1208 publicae
833 1156 1037 1208 opinionis
1071 1157 1273 1196 sarcinam
1304 1157 1447 1209 pendi-

53 1223 154 1272 tote,
186 1217 295 1271 quod
326 1217 561 1256 iniunxistis
592 1217 807 1269 incipienti
838 1221 1118 1256 consummata
1149 1216 1300 1257 iudicia
1326 1222 1447 1270 atque
1507 1254 1512 1258 .

52 1278 107 1320 ab
145 1278 222 1319 hoc
254 1282 412 1318 rectum
444 1276 606 1317 consilii
636 1278 841 1316 tramitem
873 1276 1107 1331 postulatis,
1145 1279 1188 1317 in
1221 1290 1301 1330 quo
1334 1290 1448 1318 reco-

55 1339 141 1380 litis
172 1338 303 1379 adbuc
333 1350 465 1391 nuper
497 1342 688 1378 erratum.
738 1338 864 1390 igitur
889 1339 983 1390 quia
1010 1337 1123 1378 vobis
1151 1338 1191 1377 id
1219 1338 1295 1378 fuit
1320 1338 1447 1393 cordi,

55 1399 246 1453 obsecro,
282 1403 347 1452 ut,
384 1397 524 1451 quales
562 1410 636 1438 nos
678 1397 756 1437 fide
795 1398 981 1451 creditis,
1018 1397 1120 1438 tales
1152 1400 1445 1439 intercessione

57 1460 214 1501 faciatis
256 1464 376 1512 atque
415 1458 639 1510 dignemini
676 1457 946 1498 humilitatem
978 1463 1159 1499 nostram
1192 1460 1446 1500 orationibus

56 1522 194 1575 potius
225 1521 269 1559 in
301 1518 458 1559 caelum
484 1519 591 1558 ferre
619 1518 739 1570 {luam
765 1517 987 1571 plausibus.
1040 1517 1078 1560 8.
1106 1521 1285 1572 primum
1310 1526 1447 1560 tamen

56 1593 178 1622 nosse
210 1592 281 1620 vos
312 1591 387 1632 par
419 1583 494 1632 est,
524 1580 567 1618 in
600 1591 699 1631 quas
731 1591 796 1618 me
830 1578 1112 1631 obloquiorum
1146 1579 1298 1632 Scyllas
1331 1586 1371 1621 et
1403 1583 1447 1621 in

55 1654 160 1695 quos
191 1640 434 1694 linguarum,
473 1639 544 1679 sed
576 1639 856 1692 humanarum,
887 1638 1055 1679 latratus
1088 1640 1342 1692 quorundam
1378 1654 1446 1681 vos

54 1703 251 1743 infamare
283 1705 502 1741 conantum
533 1699 653 1739 turbo
686 1701 918 1739 coniecerit.
970 1704 1032 1739 est
1063 1701 1171 1739 enim
1198 1700 1295 1740 haec
1324 1714 1445 1754 quae·
1465 1716 1480 1738 z

57 1763 152 1804 dam
190 1764 251 1802 vis
288 1761 406 1801 malis
445 1759 646 1813 moribus,
683 1765 729 1800 ut
766 1761 1040 1800 innocentiam
1071 1760 1344 1801 multitudinis
1377 1762 1446 1802 de-

54 1827 273 1865 venustent
297 1821 451 1862 scelera
477 1833 710 1874 paucorum,
737 1833 829 1861 cum
854 1825 990 1860 tamen
1016 1833 1038 1860 0
1065 1821 1225 1861 diverso
1245 1821 1446 1862 bonorum

57 1886 202 1925 raritas
234 1883 385 1936 flagitia
417 1881 637 1922 multorum
668 1886 843 1934 nequeat
869 1893 1062 1921 excusare
1090 1881 1309 1922 virtutibus
1336 1895 1445 1923 com·

55 1946 283 1986 municatis.
329 1941 368 1983 9.
390 1944 425 1982 51
445 1943 676 1995 quempiam
696 1943 955 1982 nominavero
976 1942 1278 1996 monachorum,
1305 1956 1444 1996 quam-

55 2007 117 2046 vis
148 2004 276 2057 illum,
312 2003 448 2043 Paulis
479 2004 678 2056 Antoniis,
709 2001 984 2042 Hilarionibus
1016 2002 1201 2042 Macariis
1234 2004 1444 2044 confercn-

56 2066 172 2119 dum,
210 2069 384 2105 sectatae
418 2063 711 2103 anachoreseos
742 2062 1021 2115 praerogativa
1052 2065 1286 2116 comitetur,
1324 2076 1444 2105 aures

56 2126 150 2167 ilico
186 2138 297 2166 meas
342 2123 549 2164 incondito
593 2123 769 2163 tumultu
814 2124 1160 2176 circumstrepitas
1206 2123 1444 2176 ignobilium

56 2186 323 2241 pumilionum
366 2196 553 2225 murmur
590 2183 799 2224 everberat
838 2189 1176 2237 conquerentum:
1223 2181 1328 2239 ‘hic,
1374 2187 1444 2238 qui

154 2294 177 2326 8
203 2302 275 2326 usu
301 2290 395 2334 LV,
426 2300 494 2325 om.
516 2288 561 2323 N
563 2287 708 2332 MOT,
743 2289 806 2324 sed
836 2288 877 2323 in
908 2299 954 2324 ex
985 2287 1230 2324 institutione
1256 2289 1299 2324 in
1323 2300 1397 2326 ras.
1419 2293 1444 2326 6

58 2340 131 2377 litt.
147 2338 212 2375 M*
232 2341 239 2385 1
262 2341 301 2374 et
319 2336 524 2384 privilegio
541 2336 575 2371 T
591 2338 604 2382 fl
624 2341 645 2373 9
666 2337 795 2372 aetate
815 2337 919 2383 (aeta
938 2338 981 2373 in
994 2348 1067 2372 ras.
1083 2337 1161 2382 ΜΞ)
1170 2336 1226 2382 M,
1253 2338 1292 2372 et
1312 2339 1442 2374 aetate

56 2389 188 2483 Ξρὲἐῗ
212 2384 479 2423 huiuscemodi
500 2384 558 2431 Cn
578 2388 623 2421 32
652 2386 1004 2431 circumstrepit-ans
1030 2385 1196 2422 Parisin.
1216 2388 1316 2422 2784
1340 2388 1397 2430 (itx
1408 2399 1444 2422 m

1489 498 1507 525 5

1468 803 1506 829 10

1470 1106 1504 1132 15

1467 1409 1503 1435 20

1465 2013 1501 2039 30
