1592 2612
569 95 779 132 CARMEN
804 95 936 132 XXIV.
1355 96 1445 140 351

276 197 516 239 laudandam
549 211 643 239 reor
675 199 999 252 occupationem3

179 266 251 300 485
278 259 423 299 horum
455 261 618 299 nomina
651 271 743 299 cum
774 259 929 299 referre
963 270 1084 299 versu

277 319 445 361 affectus
477 322 624 374 cupiat,
656 324 833 360 metrum
865 324 1037 360 recusat.

336 380 439 420 Hinc
470 393 545 421 nos
577 380 625 420 ad
657 381 864 433 propriam
896 380 1059 420 domum
1091 379 1276 435 vocabas,

277 453 369 482 cum
401 453 519 481 mane
552 442 706 482 exierat
736 453 884 481 novum
917 446 957 481 et
989 440 1195 481 calescens

274 501 416 542 horam
449 501 509 542 sol
541 501 660 542 dabat
692 501 858 542 alteram
891 501 1121 541 secundam.

178 569 250 603 490
275 562 342 602 hic
373 575 564 615 promens
595 567 746 603 teretes
777 562 880 615 pilas
911 562 1171 617 trochosque,

274 623 341 663 hic
372 622 474 663 talos
507 622 798 676 crepitantibus
831 622 982 663 fritillis

274 696 350 724 nos
383 683 431 723 ad
463 683 631 724 verbera
664 688 865 724 tractuum
900 687 1116 737 struentes,

275 749 479 797 tamquam
513 743 768 798 Naupliades,
800 748 986 797 repertor
1017 745 1130 798 artis,

275 804 477 858 gaudebas
509 804 679 845 hilarem
712 806 820 845 ciere
852 805 993 844 rixam.

177 872 248 905 495
274 865 370 906 hinc
402 865 451 905 ad
483 864 636 919 balnea,
668 877 749 906 non
781 864 1011 905 Neroniana

274 938 350 966 nec
383 938 484 979 quae
516 926 691 979 Agrippa
724 926 835 966 dedit
865 925 929 965 vel
960 925 1040 979 ille,
1074 926 1191 966 cuius

273 985 436 1027 bustum
470 985 711 1027 Dalmaticae
743 986 881 1027 vident
913 986 1094 1040 Salonae,

273 1047 322 1087 ad
354 1047 533 1087 thermas
564 1051 699 1087 tamen
731 1049 791 1087 ire
825 1046 896 1087 sed
928 1046 1079 1087 libebat

272 1109 430 1161 privato
462 1106 565 1147 bene
597 1107 801 1160 praebitas
833 1107 991 1160 pudori.

176 1175 248 1209 500
273 1172 366 1222 post
398 1180 497 1220 quas
530 1180 604 1208 nos
636 1173 706 1208 tua
737 1167 880 1221 pocula
912 1172 952 1208 et
983 1173 1144 1208 tuarum

271 1228 476 1268 Musarum
508 1229 667 1269 medius
699 1234 812 1269 torus
845 1228 1022 1283 tenebat,

273 1289 412 1342 quales
444 1301 520 1329 nec
554 1294 704 1330 statuas
736 1291 1014 1342 imaginesque

274 1362 366 1389 aere
400 1354 467 1389 aut
498 1349 769 1389 marmoribus
802 1349 1088 1402 coloribusque

271 1408 441 1463 Mentor,
474 1408 706 1463 Praxiteles,
739 1410 890 1463 Scopas
923 1409 1134 1463 dederunt,

176 1477 245 1511 505
273 1474 443 1523 quantas
475 1482 550 1510 nec
582 1469 808 1523 Polycletus
840 1471 927 1523 ipse
960 1470 1077 1510 finxit

271 1543 347 1570 nec
379 1531 424 1570 fit
455 1529 618 1570 Fidiaco
653 1531 781 1583 figura
813 1530 933 1570 caelo.

334 1590 412 1630 Sed
446 1592 525 1630 iam
557 1595 596 1630 te
628 1593 786 1631 veniam
818 1590 1051 1644 loquacitati

273 1652 484 1704 quingenti
515 1651 839 1705 hendecasyllabi
870 1656 1098 1704 precantur.

272 1716 442 1765 tantum,
474 1713 552 1752 etsi
583 1711 750 1766 placeat,
781 1724 925 1765 poema
956 1711 1120 1764 longum
1153 1717 1227 1752 est.

175 1780 245 1814 510
272 1773 434 1812 iamiam
467 1772 628 1826 sufficit,
661 1773 747 1825 ipse
781 1777 821 1813 et
852 1772 1064 1825 impediris

272 1832 443 1872 multum
475 1834 517 1872 in
550 1834 727 1873 carmine
760 1832 974 1886 perlegens
1008 1834 1195 1887 amicum,

273 1892 587 1933 dormitantibus
620 1895 867 1933 otiosiorem.

667 2023 828 2067 XXIV.

362 2104 750 2143 PROPEMPTICON
775 2107 842 2142 AD
869 2105 1130 2142 LIBELLUM.

331 2181 531 2235 Egressus
564 2183 718 2224 foribus
752 2186 866 2237 meis,
898 2183 1044 2237 libelle,

271 2242 373 2283 hanc
407 2255 567 2283 servare
600 2245 717 2298 viam,
748 2257 905 2299 precor,
938 2248 1159 2297 memento,

50 2391 110 2418 om
144 2337 218 2428 3⁷91?
240 2336 287 2379 cf.
310 2346 338 2372 c.
354 2335 432 2380 IX,
446 2337 522 2372 332
543 2336 556 2382 ΙΙ
577 2338 644 2372 501
667 2335 805 2372 chorus
825 2336 956 2384 vu1903
977 2335 1112 2373 thorus
1132 2337 1237 2374 codd.
1258 2338 1270 2384 fl
1290 2340 1361 2373 509
1383 2338 1445 2373 est
