1592 2612
370 124 602 162 SIDONIUS
626 124 848 162 POLEMIO
875 124 970 169 SUO
997 124 1241 162 SALUTEM.
1440 125 1499 168 89

105 232 224 282 pater
254 226 443 281 filiusque
481 227 705 281 pontificis,
748 228 832 267 nisi
876 232 1041 268 sanctus
1086 232 1166 282 est,
1210 226 1313 268 rubo
1353 227 1500 268 similis

109 288 308 343 efficitur,
352 299 473 341 quem
517 287 567 328 de
613 289 718 328 rosis
763 293 904 328 natum
949 300 1144 341 rosasque
1188 289 1416 341 parientem
1460 294 1501 328 et

58 368 61 369 ⁷
109 350 261 402 genitis
292 347 633 402 gignentibusque
669 348 839 389 floribus
871 349 1050 389 medium
1082 348 1358 402 pungentibus
1391 361 1499 390 com—

110 409 290 463 paranda
319 410 499 463 peccatis
532 409 748 450 dumorum
779 409 899 450 vallat
930 411 1140 463 asperitas.
1203 409 1302 450 vale.

745 563 864 607 XIV.

371 646 603 684 SIDONIUS
627 646 849 684 POLEMIO
876 647 971 684 SUO
998 647 1244 685 SALUTEM.
1537 664 1555 691 5

203 723 242 766 1.
280 724 404 766 Gaius
435 725 599 765 Tacitus
636 737 744 765 unus
782 737 803 765 e
837 725 1060 766 maioribus
1098 728 1198 780 tuis,
1236 725 1500 779 Ulpianorum

112 791 345 839 temporum
370 785 608 839 consularis,
634 785 710 826 sub
729 785 866 825 verbis
886 787 1112 839 cuiuspiam
1133 786 1364 828 Germanici
1384 787 1500 828 ducis

108 848 155 887 in
190 846 360 887 historia
399 859 471 887 sua
503 846 660 887 rettulit
692 846 850 886 dicens:
889 843 1020 887 ecum
1050 846 1348 900 Vespasiano
1382 848 1502 888 mihi

108 912 250 948 vetus
281 908 520 961 amicitia3
552 912 620 961 et,
658 907 766 947 dum
797 908 1021 960 privatus
1054 914 1205 962 esset,
1244 910 1389 949 amici
1420 921 1499 949 vo-

112 965 370 1009 cabamur?
421 964 518 1020 ‘quo
551 965 749 1021 respicit',
782 969 855 1022 ais,
887 965 980 1008 ‘ista
1013 965 1235 1021 praefari?
1269 975 1313 1010 ut
1345 969 1500 1010 scilicet
1521 979 1556 1006 1⁰

110 1029 349 1069 memineris
393 1040 441 1068 eo
485 1033 688 1082 tempore,
732 1040 812 1081 quo
852 1041 1070 1082 personam
1107 1029 1313 1083 publicam
1350 1036 1502 1085 portaS,

113 1090 267 1143 gratiae
298 1093 339 1129 te
370 1090 550 1142 privatae
582 1101 806 1130 memorem
835 1101 998 1142 semper
1023 1102 1113 1130 esse
1141 1098 1341 1143 oportere.
1387 1091 1501 1131 bien-

111 1151 227 1191 nium
257 1161 385 1203 prope
418 1149 639 1204 clauditur,
678 1149 786 1203 quod
817 1155 857 1190 te
890 1150 1141 1203 praefectum
1172 1153 1377 1204 praetorio
1411 1151 1501 1192 Gal-

107 1209 256 1251 liarum
279 1222 362 1251 non
387 1223 490 1250 nova
515 1215 650 1251 vestra
677 1210 910 1263 dignatione
938 1211 1009 1251 sed
1035 1216 1176 1252 nostro
1198 1212 1344 1253 affectu
1371 1212 1501 1253 adhuc

105 1276 244 1311 vetere
283 1271 524 1325 gaudemus,
563 1273 653 1325 qui,
692 1273 727 1311 si
758 1270 1032 1312 Romanarum
1069 1285 1209 1312 rerum
1247 1275 1401 1314 sineret
1433 1273 1500 1313 ad·
1522 1282 1556 1308 15

107 1333 301 1386 versitas,
338 1344 458 1385 aegre
496 1331 784 1386 toleraremus,
821 1333 903 1372 nisi
943 1332 1125 1386 singulae
1163 1346 1381 1388 personae,
1418 1347 1500 1374 non

110 1392 243 1433 dicam
280 1394 530 1446 provinciae,
567 1394 690 1433 variis
722 1405 796 1446 per
831 1398 871 1433 te
902 1392 1113 1434 beneficiis
1145 1394 1501 1447 amplificarentur.

111 1451 152 1493 2.
179 1457 221 1492 et
250 1464 373 1506 nunc,
404 1465 497 1493 cum
523 1453 577 1506 id,
610 1453 717 1506 quod
742 1453 994 1507 possibilitas
1019 1459 1087 1494 tua
1113 1467 1196 1495 non
1222 1455 1355 1510 hahet,
1386 1468 1500 1496 vere-

110 1513 258 1554 cundia
294 1525 378 1554 non
413 1518 594 1567 petatur,
631 1513 743 1554 dicas
780 1513 920 1568 velim,
962 1514 1135 1567 qualiter
1173 1516 1334 1556 futurus
1372 1517 1500 1557 fueris

110 1573 314 1614 humanus
352 1574 396 1613 in
435 1574 570 1628 factis,
608 1575 679 1627 qui
716 1574 914 1627 perduras
947 1587 1090 1615 avarus
1122 1577 1164 1616 in
1197 1576 1343 1617 verbis.
1407 1590 1501 1617 nam
1520 1585 1556 1611 2⁰

107 1639 278 1675 tuorum
309 1635 480 1687 peritiae
514 1639 769 1688 comparatus
802 1647 884 1675 non
916 1635 1047 1676 solum
1074 1635 1284 1677 Cornelios
1318 1642 1501 1678 oratores

113 1694 185 1736 sed
215 1694 417 1735 Ausonios
450 1707 610 1748 quoque
642 1700 783 1748 poetas
808 1696 971 1736 vincere
998 1701 1125 1749 potes.
1178 1699 1213 1737 si
1237 1702 1277 1737 te
1303 1697 1501 1738 hactenus

112 1754 464 1809 philosophantem
495 1767 598 1796 nova
632 1755 766 1796 subito
794 1755 844 1795 ob
871 1756 1195 1798 iurisdictionem
1222 1757 1350 1811 gloria
1376 1760 1501 1812 capit:

112 1821 160 1857 et
184 1828 272 1857 nos
298 1815 496 1870 aliquod
522 1828 795 1870 nomenque
823 1816 1069 1870 decusque
1098 1820 1354 1871 gessimus.
1394 1817 1432 1859 3.
1461 1825 1502 1859 at

114 1878 149 1917 si
199 1876 358 1917 videtur
407 1876 615 1918 humilitas
658 1882 821 1917 nostrae
866 1878 1133 1930 professionis
1178 1878 1360 1920 habenda
1406 1891 1500 1920 con-
1520 1884 1556 1912 25

112 1938 305 1992 temptui,
350 1939 443 1990 quia
483 1937 644 1978 Christo
683 1950 750 1978 res
788 1937 984 1979 humanas
1030 1940 1210 1992 vitasque
1250 1940 1500 1980 medicaturo

111 1999 295 2051 putrium
346 1999 687 2039 conscientiarum
731 1997 838 2039 ultro
884 1998 1073 2052 squalens
1123 2000 1239 2040 ulcus
1285 2002 1502 2055 aperimus,

113 2057 222 2112 quod
253 2059 297 2098 in
328 2060 459 2099 nostri
492 2059 647 2099 ordinis
679 2060 793 2113 viris,
826 2061 903 2100 etsi
936 2060 1065 2100 adhuc
1099 2060 1249 2114 aliquid
1284 2061 1332 2101 de
1365 2061 1500 2114 negle-

210 2177 233 2210 8
260 2174 382 2211 Tacit
408 2174 498 2211 hist.
520 2175 565 2221 V,
593 2179 639 2211 26
666 2186 759 2222 erga
784 2175 1066 2222 Vespasianum
1098 2178 1209 2213 vetus
1242 2176 1339 2213 mihi
1372 2178 1500 2214 obser-

111 2223 263 2267 vantia3
304 2225 355 2268 et,
384 2234 471 2259 cum
496 2222 670 2269 privatus
698 2226 819 2269 esset,
856 2223 971 2260 amici
1006 2225 1249 2261 vocabamur.
1310 2229 1358 2262 24
1383 2227 1498 2273 Verg.

107 2271 202 2308 Aen
210 2251 547 2367 ἐίρὲἓίἓὲἰθωᾳιιθ
572 2331 679 2356 rosas
707 2321 740 2357 C
753 2323 766 2366 u
792 2324 813 2356 5
840 2322 951 2358 inser
979 2332 1047 2358 om.
1070 2322 1105 2356 L
1124 2323 1137 2367 Ι]
1157 2325 1178 2357 6
1205 2332 1226 2358 e
1251 2324 1295 2359 in
1319 2335 1393 2360 ras.
1420 2324 1500 2370 M
1476 2324 1486 2344 ¹

112 2367 161 2404 de
188 2368 223 2404 T
250 2371 264 2415 fl
297 2372 341 2404 12
363 2372 449 2415 post
474 2367 622 2414 gratiae
655 2369 721 2406 le.
748 2373 840 2405 tuae
866 2371 910 2405 in
938 2370 972 2405 T
999 2372 1012 2414 ΙΙ
1047 2374 1091 2405 19
1117 2372 1228 2415 petat
1251 2371 1330 2408 Leo
1352 2372 1358 2419 Ι
1379 2372 1498 2408 fueris

111 2416 262 2452 futurus
292 2417 414 2461 0112?
441 2416 542 2452 ult-ro
569 2417 615 2463 L,
642 2428 685 2452 cu
705 2420 765 2454 tro
792 2419 825 2463 (c
851 2429 881 2455 s.
910 2418 931 2454 l.
953 2418 1041 2454 add.
1069 2418 1357 2467 N¹)NMOTn
