1592 2612
643 119 853 158 CARMEN
876 120 924 158 II.
1387 120 1477 165 245

210 224 380 265 mittunt
408 222 612 276 Euganeis
642 222 832 263 Patavina
862 222 1067 263 volumina
1099 222 1271 277 chartis3

118 292 188 326 190
214 296 294 338 qua
324 283 493 338 Crispus
523 283 720 324 brevitate
751 282 896 338 placet,
929 296 1008 337 quo
1040 283 1221 337 pondere
1253 283 1392 339 Varro,

213 356 294 398 quo
326 346 446 398 genio
477 343 656 398 Plautus,
689 356 768 397 quo
801 343 969 385 fulmine
1002 344 1289 399 Quintilianus,

213 418 292 459 qua
322 417 470 459 pompa
500 404 665 445 Tacitus
701 417 923 458 numquam
962 407 1049 446 sine
1085 404 1203 446 laude
1234 405 1475 458 loquendus.

271 465 347 507 His
376 466 485 506 hunc
515 466 734 506 formatum
766 465 925 519 studiiS‚
956 465 1158 506 natalibus
1190 471 1337 520 ortum,

211 525 396 567 moribus
426 525 629 567 imbutum
659 527 863 580 princeps,
895 528 962 566 cui
992 526 1170 567 mundus
1202 526 1252 567 ab
1283 526 1393 567 Euro

117 594 188 628 195
214 586 265 627 ad
296 586 522 641 Zephyrum
554 591 653 627 tunc
686 592 845 639 sceptra
877 586 1008 640 dabat,
1039 589 1107 628 cui
1138 587 1291 628 nubilis
1323 592 1442 641 atque

212 649 333 688 unica
363 660 594 701 purpureos
626 646 798 687 debebat
829 653 923 687 nata
954 653 1136 702 nepotes,

213 707 336 761 elegit
366 720 582 762 generum3
615 708 686 748 sed
717 720 800 748 non
830 713 877 748 ut
908 707 1048 748 deside
1081 708 1179 749 luxu

214 768 376 809 fortuna
407 770 540 809 soceri
572 773 787 809 contentus
820 773 861 808 et
892 770 975 808 otia
1006 774 1172 822 captans

211 828 271 869 nil
302 829 382 869 sibi
412 828 598 883 deberet3
631 830 792 869 comitis
825 829 897 869 sed
930 830 1019 869 iure
1051 834 1215 882 recepto

118 897 192 931 200
216 889 388 930 Danuvii
418 891 528 943 ripas
560 894 602 930 et
631 894 806 930 tractum
837 889 977 929 limitis
1010 889 1132 943 ampli

218 951 376 1003 circuit,
407 950 605 1004 hortatur,
637 949 827 1004 disponit,
858 949 1038 1004 discutit,
1071 955 1208 991 armat.

217 1012 276 1051 sic
308 1010 384 1051 sub
416 1015 531 1063 patre
563 1010 659 1050 Pius
691 1010 924 1051 moderatus
956 1016 1089 1051 castra
1119 1012 1314 1064 parentis,

214 1072 274 1112 sic
302 1070 464 1111 Marcus
494 1072 654 1111 vivente
684 1070 770 1124 Pio,
801 1076 894 1124 post
924 1073 1014 1112 iura
1045 1071 1192 1126 daturi,

214 1130 579 1173 innumerabilibus
611 1131 841 1185 legionibus
872 1132 1172 1185 imperitabant.

116 1199 188 1234 205
214 1191 312 1233 hinc
343 1192 486 1232 reduci
517 1192 635 1232 datur
666 1194 798 1232 omnis
829 1192 979 1247 honos,
1016 1198 1057 1233 et
1087 1195 1252 1246 utrique
1283 1195 1477 1247 magister

211 1252 380 1293 militiae
412 1252 635 1306 consulque
666 1254 802 1306 micat,
834 1254 1048 1294 coniuncta
1079 1259 1259 1307 potestas

212 1314 386 1367 patricii,
419 1312 624 1366 celerique
657 1313 786 1366 gradu
815 1315 971 1366 privata
1003 1316 1186 1354 cucurrit

212 1373 387 1414 culmina
419 1373 734 1426 conscenditque
768 1386 912 1414 senum
942 1387 1046 1427 puer
1078 1376 1165 1428 ipse
1198 1375 1394 1430 curulem,

214 1434 320 1474 sedit
351 1438 393 1473 et
424 1435 593 1474 emerito
626 1435 785 1474 iuvenis
815 1439 1031 1475 veteranus
1064 1437 1107 1475 in
1139 1448 1250 1476 auro.

119 1502 191 1535 210
276 1494 441 1547 Iamque
472 1506 620 1547 parens
652 1494 783 1534 divos:
816 1494 888 1534 sed
920 1494 1035 1535 vobis
1066 1495 1175 1535 nulla
1208 1495 1354 1548 cupido

216 1555 401 1608 imperii3
433 1553 591 1607 longam
624 1554 847 1594 diademata
878 1567 996 1607 passa
1028 1555 1232 1609 repulsam

214 1616 416 1668 insignem
448 1614 583 1667 legere
614 1616 759 1669 virum,
791 1627 911 1668 quem
944 1615 1089 1656 deinde
1123 1616 1324 1667 legentem

213 1687 407 1729 spernere
439 1687 521 1715 non
552 1687 713 1728 posses:
747 1674 822 1715 soli
854 1675 928 1715 tibi
960 1676 1130 1716 contulit
1161 1679 1232 1717 uni

212 1736 289 1776 hoc
320 1735 499 1775 Fortuna
532 1735 668 1790 decus,
700 1748 942 1789 quamquam
975 1742 1014 1777 te
1046 1742 1235 1790 posceret
1267 1737 1377 1792 ordo,

116 1804 187 1837 215
214 1801 259 1837 ut
290 1795 419 1836 lectus
450 1797 643 1849 princeps
673 1808 789 1849 mage
821 1809 942 1849 quam
974 1797 1133 1837 videare
1167 1797 1346 1838 relictus.

211 1861 304 1910 post
335 1869 521 1897 socerum
553 1856 778 1909 Augustum
809 1869 967 1911 regnas,
998 1857 1070 1898 sed
1102 1870 1183 1898 non
1216 1858 1292 1898 tibi
1322 1860 1433 1899 venit

210 1929 392 1970 purpura
422 1929 497 1970 per
527 1916 724 1957 thalamos
756 1923 796 1958 et
827 1919 1003 1958 coniunx
1035 1920 1147 1971 regia
1178 1931 1302 1971 regno

214 1976 302 2018 laus
333 1978 470 2030 potius
502 1989 623 2030 quam
654 1990 775 2018 causa
807 1978 900 2033 fuit3
932 1990 1025 2018 nam
1059 1980 1161 2019 iuris
1192 1979 1361 2020 habenis

212 2050 294 2078 non
327 2049 523 2090 generum
553 2036 653 2090 legit
683 2038 924 2093 respublica,
956 2039 1027 2079 sed
1060 2051 1312 2092 generosum.

115 2106 187 2140 220
213 2097 342 2151 fallor,
373 2097 437 2138 bis
469 2099 630 2150 gemino
661 2099 743 2138 nisi
774 2099 938 2139 cardine
971 2112 1058 2139 rem
1090 2099 1233 2152 probat
1266 2100 1393 2140 orbis:

213 2158 338 2199 ambit
370 2163 410 2198 te
444 2157 650 2212 Zephyrus
681 2164 895 2214 rectorem,
927 2159 1102 2200 destinat
1132 2159 1279 2214 Eurus,

189 2313 258 2346 191
285 2309 441 2347 flumine
474 2311 510 2347 T
543 2312 556 2357 ΙΙ
593 2314 664 2347 205
689 2312 810 2349 honos
843 2313 896 2349 ed.
927 2312 1035 2360 Grey.
1063 2317 1098 2349 et
1125 2313 1316 2358 Collomb.,
1352 2312 1475 2350 honor

89 2359 195 2396 codd.
218 2358 225 2407 Ι
245 2358 418 2404 utrisque
444 2359 510 2405 ΡΙ]
528 2362 600 2395 210
624 2371 678 2396 an
703 2359 831 2396 sidus?
856 2362 903 2406 cf.
924 2362 1029 2406 infra
1056 2373 1087 2397 v.
1108 2363 1187 2398 482
1214 2360 1320 2397 sidus
1346 2361 1474 2398 divale

89 2406 260 2453 parentis
279 2408 293 2453 Ι
312 2411 380 2443 211
408 2406 577 2456 imperii]
603 2408 790 2455 regnandi
818 2409 852 2445 T
868 2410 881 2455 [Ι
