1592 2612
7 28 91 56 susm,
150 31 203 54 '520⁷
219 10 322 47 ³255...-
462 11 464 14 .

3 92 5 95 '
74 121 310 162 flmomug
333 121 533 160 Domo
557 121 722 159 PAPAE
741 121 1061 160 ELEUTHERJO
1082 122 1330 161 SALUTEM.
1381 122 1472 167 135

75 221 336 267 convicium?
379 222 420 266 3.
447 223 555 277 quod
587 228 790 278 superest,
821 223 1096 279 obsecramus,
1127 229 1174 265 ut
1205 224 1350 265 crebra
1381 237 1471 266 ora-

76 287 208 341 tione,
238 297 315 339 per
345 297 467 339 quam
497 286 608 325 vitiis
639 284 829 325 omnibus
866 286 1043 326 immane
1075 285 1358 340 dominamini,
1394 298 1470 327 nos

69 359 253 401 quoque,
285 347 392 387 sicut.
422 345 681 398 euangelicos
712 357 851 398 magos
877 358 1082 386 remeasse
1107 346 1370 387 manifestum
1395 352 1470 402 est,

78 406 144 448 vel
165 408 248 448 iam
270 419 382 448 nunc
405 419 482 460 per
512 405 632 446 aliam
662 407 770 446 viam
801 418 962 446 morum
988 408 1032 447 in
1057 406 1271 448 beatorum
1295 409 1469 460 patriam

77 467 213 508 redire
238 468 407 508 faciatis
457 479 586 520 paene
612 468 842 521 omiseram,
875 467 983 520 quod
1009 469 1177 508 minime
1202 473 1468 522 praetereun-
1506 479 1526 506 5

75 527 176 569 dum
211 528 307 570 fuit:
344 529 450 581 agite
488 529 637 581 gratias
675 527 931 583 Innocentio,
976 527 1188 582 spectabili
1232 530 1340 583 viro,
1384 530 1468 584 qui,

76 593 124 630 ut
152 590 470 643 praeceperatis,
505 590 663 629 naviter
699 601 857 629 morem
888 590 1015 642 gessit
1047 590 1254 630 iniunctis.
1310 602 1469 631 memor

73 651 207 690 nostri
237 662 328 690 esse
360 649 547 703 dignare,
579 649 742 690 domine
774 662 888 703 papa.

743 779 797 823 X.

173 862 403 900 SIDONIUS
428 861 626 899 DOMINO
652 862 815 898 PAPAE
841 862 1088 900 CENSORIO
1117 862 1361 901 SALUTEM.

168 938 206 981 1.
238 939 434 981 Gerulum
458 939 687 980 litterarum
713 939 865 980 levitici
884 940 1039 980 ordinis
1064 940 1254 981 honestat
1272 941 1464 983 officium.
1485 953 1523 978 ιο

72 1000 142 1041 hic
167 1013 262 1042 cum
280 1000 431 1041 familia
451 1013 524 1041 sua
543 1000 868 1054 depraedationis
888 1000 1082 1041 Gothicae
1108 1000 1315 1042 turbinem
1334 1004 1466 1043 vitans

75 1062 119 1102 in
154 1062 411 1102 territorium
447 1066 628 1101 vestrum
666 1060 823 1102 delatus
862 1066 925 1102 est
962 1063 1070 1115 ipso,
1108 1066 1155 1102 ut
1187 1063 1246 1102 sic
1278 1062 1466 1119 dixerim,

72 1121 253 1175 pondere
285 1122 420 1176 fugae3
452 1122 523 1162 ubi
554 1123 598 1162 in
628 1134 674 1162 re
701 1121 909 1176 ecclesiae,
941 1123 1009 1162 cui
1035 1123 1228 1162 sanctitas
1253 1127 1323 1164 tua
1347 1136 1465 1176 prae-

72 1182 192 1236 sidet,
211 1195 376 1236 parvam
395 1188 620 1223 sementem
640 1182 930 1223 semiconfecto
951 1184 1121 1236 caespiti
1134 1182 1287 1224 advena
1300 1185 1464 1225 ieiunus

72 1244 227 1297 iniecit,
253 1245 369 1284 cuius
396 1256 446 1284 ex
473 1243 601 1284 solido
628 1242 877 1296 colligendae
905 1243 995 1284 fieri
1021 1243 1100 1283 sibi
1126 1245 1284 1297 copiam
1310 1250 1462 1286 exorat.
1485 1255 1520 1281 15

69 1302 113 1344 2.
145 1316 267 1357 quem
300 1306 336 1345 si
367 1304 604 1344 domesticis
621 1303 739 1344 ,fidei
771 1304 960 1357 deputata
992 1304 1242 1345 humanitate
1282 1305 1464 1360 foveatis,

71 1363 114 1404 id
146 1369 228 1419 est,
264 1370 311 1405 ut
341 1364 525 1405 debitum
556 1364 721 1418 glaebae
753 1377 950 1405 canonem
982 1377 1064 1405 non
1095 1370 1275 1420 petatur,
1306 1371 1465 1407 tantum

70 1423 208 1465 lucelli
232 1426 473 1478 praestitum
500 1424 581 1465 sibi
606 1430 813 1478 computat
842 1422 1070 1480 (peregrini
1095 1425 1272 1466 hominis
1299 1432 1344 1467 ut
1370 1440 1464 1468 cen-

70 1497 155 1539 sus,
181 1486 241 1526 sic
267 1487 426 1526 animus
453 1481 682 1541 angustus),
711 1498 757 1526 ac
784 1487 820 1526 si
845 1487 888 1525 in
912 1487 1042 1538 patrio
1070 1485 1156 1526 solo
1182 1488 1463 1528 rusticaretur.

69 1545 166 1586 huic
192 1547 229 1586 si
247 1545 481 1600 legitimam,
507 1551 552 1586 ut
571 1558 659 1586 mos
683 1551 757 1599 est,
784 1546 1027 1586 solutionem
1047 1548 1291 1600 perexiguae
1313 1550 1462 1601 segetis
1482 1558 1520 1584 20

68 1605 294 1660 indulgeas,
313 1611 519 1659 tamquam
540 1607 705 1659 opipare
725 1608 936 1646 viaticatus
951 1619 1043 1647 cum
1064 1608 1286 1659 gratiarum
1301 1610 1461 1649 actione

69 1666 277 1707 remeabit.
341 1679 414 1720 per
452 1679 573 1720 quem
612 1668 648 1706 si
685 1679 749 1707 me
788 1666 881 1707 stilo
920 1666 1061 1707 solitae
1101 1667 1347 1720 dignationis
1386 1670 1461 1709 im-

68 1728 241 1782 pertias,
278 1727 379 1768 mihi
416 1727 740 1781 fraternitatique
781 1728 874 1768 istic
913 1729 1014 1768 sitae
1053 1729 1199 1781 pagina
1235 1733 1304 1769 tua
1336 1729 1463 1770 veluti

68 1786 162 1841 polo
200 1787 311 1842 lapsa
348 1787 615 1841 reputabitur.
678 1800 835 1828 memor
867 1790 999 1829 nostri
1031 1800 1121 1829 esse
1161 1788 1352 1844 dignare,
1390 1790 1462 1830 do-

69 1850 179 1889 mine
210 1861 325 1902 papa.
1481 1860 1517 1888 25

726 1978 804 2023 XI.

130 2061 360 2098 SIDONIUS
386 2061 581 2098 DOMINO
606 2061 770 2098 PAPAE
796 2061 1116 2099 ELEUTHERIO
1145 2062 1391 2100 SALUTEM.

162 2135 200 2178 1.
226 2138 419 2179 Iudaeum
444 2151 639 2191 praesens
666 2139 803 2179 charta
830 2139 1096 2193 commendat,
1122 2152 1204 2179 non
1231 2140 1339 2193 quod
1358 2141 1460 2182 mihi

68 2197 225 2251 placeat
256 2211 384 2253 error,
421 2211 496 2252 per
528 2212 648 2252 quem
680 2205 854 2252 pereunt
886 2199 1066 2254 involuti,
1099 2200 1171 2240 sed
1205 2202 1299 2253 quia
1330 2203 1460 2242 nemi-

68 2270 164 2299 nem
201 2260 383 2312 ipsorum
415 2272 489 2299 nos
522 2259 639 2300 decet
670 2273 720 2300 ex
758 2273 847 2301 asse
880 2260 1150 2301 damnabilem
1182 2263 1460 2318 pronuntiare,

168 2415 188 2446 7
214 2412 366 2448 naviter
394 2411 486 2457 LN,
514 2411 692 2457 gnaviter
718 2413 768 2449 Μ
773 2414 846 2451 ΤΟ
861 2416 872 2460 ΙΙ
