1592 2612
339 145 569 184 SIDONIUS
594 144 877 183 AGRICOLAE
905 144 999 182 SUO
1027 144 1271 182 SALUTEM.
1475 145 1504 188 5

116 247 156 291 7.
187 248 238 290 ad
270 253 413 303 coepta
443 248 646 290 redeatur.
710 248 882 302 dapibus
920 247 1080 301 expleto
1116 259 1283 287 somnus
1314 246 1504 287 meridia-

112 322 192 351 nus
236 322 357 364 saepe
400 309 556 365 nullus,
607 322 769 363 semper
812 310 995 362 exiguus.
1077 307 1226 362 quibus
1263 307 1376 348 horis
1414 309 1503 348 viro

111 370 250 411 tabula
281 370 407 425 cordi,
438 375 614 411 tesseras
648 369 801 423 colligit
826 369 979 423 rapide,
1011 370 1178 422 inspicit
1203 367 1389 422 sollicite,
1420 368 1503 408 vol-

112 433 174 472 vit
204 435 358 486 argute,
390 432 518 472 mittit
548 432 761 485 instanter,
793 430 1018 471 ioculanter
1044 428 1270 484 compellat,
1301 430 1504 482 patienter

114 496 332 546 exspectat.
381 493 426 532 in
443 491 563 532 bonis
582 491 757 532 iactibus
782 496 901 545 tacet,
925 493 969 531 in
988 490 1105 531 malis
1131 490 1250 545 ridet,
1275 491 1319 530 in
1344 492 1503 530 neutris
1540 501 1559 528 5

114 554 320 607 irascitur,
351 554 395 593 in
426 554 613 606 utrisque
639 552 958 606 philosophatur.
1022 551 1222 592 secundas
1253 551 1410 591 fastidit
1440 550 1503 591 vel

112 614 260 654 timere
290 612 355 654 vel
393 614 545 669 facere,
590 626 762 667 quarum
807 614 1103 666 oportunitates
1142 613 1301 665 spernit
1338 611 1504 666 oblatas,

112 675 262 715 transit
287 675 505 727 oppositas.
564 676 650 715 sine
677 679 791 714 motu
817 673 1012 727 evaditur,
1042 675 1130 714 sine
1157 672 1332 714 colludio
1359 672 1503 713 evadit.

112 739 233 788 putes
264 733 380 775 illum
411 740 453 776 et
484 736 527 775 in
559 735 724 775 calculis
751 747 861 775 arma
888 739 1083 774 tractare:
1116 733 1201 774 sola
1232 738 1295 774 est
1320 733 1381 773 illi
1407 746 1503 774 cura

114 795 317 836 vincendi.
380 794 420 838 8.
454 808 546 836 cum
572 795 794 836 ludendum
821 800 895 849 est,
927 796 1082 848 regiam
1107 799 1338 848 sequestrat
1361 796 1503 835 tantis-
1524 805 1561 831 ιο

112 868 189 909 per
220 857 490 911 severitatem,
521 856 708 897 hortatur
740 856 789 896 ad
821 856 963 896 ludum
994 855 1225 896 libertatem
1255 856 1505 896 communio—

113 928 301 970 nemque.
365 917 498 957 dicam
530 917 637 970 quod
677 918 826 957 sentio:
865 918 983 957 timet
1013 918 1162 956 timeri.
1225 916 1401 969 denique
1435 915 1504 956 ob-

112 976 287 1018 lectatur
324 979 595 1018 commotione
635 979 816 1031 superati
854 982 895 1017 et
931 982 1019 1017 tum
1058 977 1221 1017 demum
1259 977 1390 1017 credit
1425 976 1505 1017 sibi

112 1049 197 1078 non
234 1039 409 1079 cessisse
449 1038 661 1093 collegam,
700 1051 794 1079 cum
831 1038 954 1078 fidem
993 1038 1137 1078 fecerit
1174 1039 1367 1078 victoriae
1407 1050 1503 1078 suae

112 1097 208 1139 bilis
240 1098 382 1139 aliena.
446 1099 634 1152 quodque
667 1101 838 1153 mirere,
878 1111 998 1152 saepe
1031 1098 1100 1139 illa
1132 1098 1285 1139 laetitia
1322 1099 1503 1138 minimis
1524 1108 1559 1135 15

112 1158 396 1200 occasionibus
433 1161 601 1200 veniens
640 1161 868 1212 ingentium
905 1161 1163 1212 negotiorum
1194 1161 1340 1199 merita
1377 1159 1503 1199 sortu-

110 1224 192 1260 nat..
253 1225 353 1261 tunc
389 1220 654 1273 petitionibus
694 1220 765 1261 diu
797 1225 889 1261 ante
928 1232 1003 1273 per
1040 1221 1365 1273 patrociniorum
1405 1233 1503 1260 nau-

111 1280 241 1334 fragia
276 1282 436 1321 iactatis
474 1280 741 1322 absolutionis
781 1280 938 1322 subitae
980 1286 1122 1334 portus
1166 1282 1364 1335 aperitur3
1406 1286 1504 1321 tunc

112 1342 236 1382 etiam
279 1353 354 1395 ego
398 1341 550 1395 aliquid
589 1342 877 1382 obsecraturus
922 1341 1097 1382 feliciter
1139 1343 1298 1396 vincor,
1343 1341 1503 1394 quando

110 1401 214 1442 mihi
257 1401 306 1442 ad
349 1402 427 1443 hoc
471 1402 607 1443 tabula
651 1404 775 1457 perit,
818 1407 866 1443 ut
903 1415 1023 1443 causa
1068 1401 1255 1443 salvetur.
1320 1400 1359 1443 9.
1394 1404 1502 1442 circa
1523 1412 1560 1438 20

112 1474 262 1503 nonam
292 1462 545 1503 recrudescit
574 1462 692 1503 molis
718 1462 786 1503 illa
812 1463 1020 1516 regnandi.
1084 1463 1258 1503 redeunt
1283 1462 1504 1517 pulsantes,

113 1522 287 1563 redeunt
330 1528 648 1577 summoventes3
692 1523 843 1576 ubique
888 1523 1091 1576 litigiosus
1136 1524 1274 1564 fremit
1315 1523 1504 1577 ambitus,

114 1584 186 1636 qui
216 1587 371 1624 tractus
402 1585 446 1623 in
477 1596 689 1637 vesperam
728 1596 828 1624 cena
865 1585 977 1637 regia
1009 1584 1294 1637 interpellante
1333 1586 1505 1624 rarescit

114 1649 156 1684 et
185 1656 261 1697 per
293 1643 445 1684 aulicos
478 1644 671 1697 deinceps
708 1657 783 1697 pro
821 1649 1086 1697 patronorum
1120 1646 1313 1684 varietate
1348 1645 1503 1698 disper-

113 1706 241 1759 gitur,
291 1717 421 1758 usque
469 1705 518 1745 ad
562 1710 724 1758 tempus
770 1704 991 1745 concubiae
1042 1706 1174 1745 noctis
1220 1705 1503 1746 excubaturus.
1523 1714 1560 1741 25

113 1777 210 1805 sane
242 1766 583 1819 intromittuntur,
616 1778 861 1819 quamquam
893 1777 999 1819 raro,
1031 1766 1139 1805 inter
1171 1765 1398 1806 cenandum
1429 1767 1504 1805 mi-

112 1826 210 1866 mici
247 1825 370 1880 sales,
415 1827 473 1866 ita
511 1832 557 1867 ut
594 1826 730 1867 nullus
770 1827 935 1866 conn'va
972 1826 1175 1866 mordacis
1213 1825 1373 1879 linguae
1413 1826 1504 1866 selle

112 1886 301 1941 feriatur3
352 1887 411 1927 sic
454 1891 609 1941 tamen,
660 1887 767 1940 quod
819 1887 899 1927 illic
951 1899 1026 1926 nec
1072 1899 1221 1939 organa
1270 1886 1505 1939 hydraulica

113 1951 259 1987 sonant
295 1959 371 1987 nec
410 1946 486 1988 sub
524 1948 728 2000 phonasco
768 1947 966 1988 vocalium
1005 1952 1226 1987 concentus
1264 1947 1504 1987 meditatum

211 2102 235 2134 4
261 2098 469 2146 compellat
500 2098 717 2136 ioculanter
749 2101 928 2146 expectat
960 2099 1158 2145 pacienter
1186 2100 1218 2137 0
1248 2101 1253 2145 1
1288 2099 1505 2136 ioculanter

114 2146 262 2192 ΝΜΟ,
286 2146 511 2183 ioculariter
530 2148 610 2184 LT
630 2150 636 2191 Ι
657 2148 867 2194 compellat
886 2160 955 2185 om.
975 2160 1031 2195 sp.
1052 2153 1077 2183 S
1098 2150 1168 2185 litt.
1188 2159 1268 2184 vac.
1287 2148 1322 2183 L
1341 2150 1355 2195 u
1374 2152 1418 2184 11
1446 2148 1503 2184 lu-

114 2194 284 2231 dendum
309 2195 367 2241 F3
408 2195 541 2232 ludum
564 2197 647 2233 secl.
674 2197 901 2242 Mommsen,
938 2196 1020 2233 ludi
1049 2197 1287 2242 Gustafsson,
1324 2195 1503 2233 ludorum

115 2244 363 2291 Enyelbrecht
392 2246 405 2290 ΙΙ
439 2248 483 2280 13
511 2256 581 2290 sup
609 2248 679 2291 (sp.
700 2249 723 2281 4
750 2246 819 2282 litt.
845 2248 942 2290 vac.)
971 2245 1027 2281 ati
1053 2245 1089 2280 L
1124 2248 1128 2289 Ι
1163 2250 1245 2280 tum
1271 2245 1384 2287 LN¹‚
1410 2249 1502 2281 tunc

116 2291 315 2329 N‘MGT
335 2295 340 2338 Ι
363 2292 517 2328 demum
543 2292 666 2329 credit
690 2305 758 2330 om.
778 2305 832 2340 sp.
854 2297 899 2330 11
928 2295 999 2330 litt.
1018 2305 1096 2330 vae.
1112 2294 1160 2336 L,
1186 2305 1214 2330 s.
1230 2294 1252 2330 l.
1268 2293 1502 2333 add.N¹M¹

116 2340 130 2387 ΙΙ
156 2344 202 2377 16
228 2340 384 2377 veniens
412 2340 677 2377 occasionibus
701 2342 822 2388 61121
850 2341 963 2377 molis
984 2342 1030 2386 L,
1057 2341 1185 2377 mollis
1206 2342 1275 2385 ΝἾ,
1301 2342 1422 2378 moles
1443 2343 1502 2378 N²

116 2389 174 2434 (es
199 2389 243 2425 in
267 2400 342 2426 ras.
364 2389 585 2435 M²)MOT
604 2392 617 2436 fl
645 2393 692 2425 24
713 2395 800 2436 post
825 2390 970 2426 aulicos
997 2391 1114 2426 deesse
1138 2402 1270 2427 nomen
1294 2392 1395 2428 velut
1421 2390 1503 2426 adi-

114 2437 178 2472 tus
203 2438 419 2485 suspicatur
438 2438 677 2484 Incetjohann
697 2440 710 2484 ΙΙ
729 2443 775 2475 27
796 2443 885 2485 post
911 2438 1011 2474 sales
1032 2439 1119 2475 add.
1141 2438 1209 2475 sed
1228 2439 1469 2486 LuetJOhann
