1592 2612
229 86 236 92 ⁸
309 114 542 153 SIDONIUS
566 113 872 152 APOLLINARI
896 114 992 152 SUO
1019 114 1265 152 SALUTEM.
1426 113 1482 156 ’Π

90 219 322 272 tutissime,
363 219 400 258 si
436 230 512 271 per
543 222 691 258 statum
723 217 934 270 publicum
965 217 1104 272 liceat,
1141 218 1321 270 cupiens.
1385 230 1485 270 quo-

91 280 220 334 circa,
249 280 334 320 nisi
365 277 617 319 desiderium
648 290 787 318 meum
818 277 981 319 videtur
1006 290 1245 332 onerosum,
1276 283 1485 318 remeante

90 341 274 394 praerato
299 339 395 380 fiam
418 338 602 379 locorum
628 344 859 380 vestrorum
885 344 925 379 et
950 344 1182 392 temporum
1201 351 1363 391 gnarus.
1407 343 1487 379 stat

93 401 297 443 sententia
327 399 499 441 eluctari
532 401 739 453 oppositas
768 402 1016 453 privatarum
1043 401 1355 452 occupationum
1381 399 1486 440 diffi-

93 461 266 503 cultates
285 465 328 502 et
346 459 651 514 conplectendis
669 460 905 514 pectoribus
918 462 1065 501 vestris
1086 459 1308 514 quamlibet
1320 459 1487 514 longum
1525 471 1543 498 5

94 523 276 564 officium
312 521 528 576 deputare,
566 523 602 562 si
639 526 794 576 tamen,
833 521 940 575 quod
979 523 1102 561 etiam
1139 533 1249 561 nunc
1285 533 1487 574 veremur,

93 595 177 625 non
213 584 277 624 vis
313 584 443 623 maior
481 582 678 636 disposita
716 582 947 623 confundat.
1011 581 1051 624 3.
1085 595 1188 635 quae
1220 594 1292 622 vos
1325 594 1487 635 quoque

94 657 178 686 non
215 643 505 698 perindignum
536 648 601 684 est
631 656 726 684 cum
758 644 882 684 fratre
913 643 1120 697 Faustino,
1151 648 1274 696 prout
1304 648 1488 696 tempora

96 710 277 760 monent,
306 709 482 745 tractatu
514 706 810 745 communicato
842 703 1081 744 deliberare.
1138 716 1261 757 quem
1293 715 1368 756 ego
1394 705 1490 756 qnia

97 766 236 821 diligo,
266 771 473 818 tamquam
505 767 576 818 qui
606 777 672 806 me
705 764 847 818 diligat
878 766 990 805 misi:
1023 767 1059 804 si
1084 764 1305 818 respondet
1335 764 1488 804 iudicio
1509 775 1544 802 ιο

98 839 202 881 meo,
234 827 385 880 gratias
417 838 510 880 ag03
542 839 665 879 porro
698 831 834 866 autem
860 838 952 866 cum
978 826 1041 865 vir
1065 825 1197 865 bonus
1224 824 1273 865 ab
1300 824 1490 865 omnibus

98 892 327 942 censeatur,
358 898 440 927 non
467 891 530 927 est
554 887 675 927 homo
702 888 831 940 peior,
864 888 899 927 si
924 898 1007 926 non
1033 891 1095 926 est
1121 887 1310 939 optimus.
1349 885 1490 926 valete.

768 1040 822 1084 V.

387 1123 618 1161 SIDONIUS
644 1124 803 1161 FELICl
830 1124 924 1161 SUO
953 1123 1197 1161 SALUTEM.

195 1200 233 1244 1.
258 1202 384 1243 Iterat
408 1203 649 1255 portitorem
669 1202 924 1243 salutationis
950 1203 1130 1242 iteratio:
1157 1201 1324 1242 Gozolas
1344 1206 1491 1254 vester,

102 1263 204 1304 deus
241 1262 395 1304 tribuat
425 1268 471 1303 ut
501 1268 659 1317 noster,
696 1264 858 1317 apicum
894 1275 1080 1303 meorum
1113 1262 1293 1303 secundo
1326 1261 1492 1315 gerulus
1513 1272 1548 1298 15

103 1324 291 1382 efficitur.
354 1324 480 1377 igitur
511 1324 796 1364 verecundiam
830 1325 993 1377 utrique
1021 1325 1184 1363 eximite
1217 1335 1493 1375 communem3

103 1397 199 1425 nam
231 1386 268 1425 si
300 1386 523 1425 etiamnum
555 1384 678 1425 silere
709 1385 977 1438 meditemini,
1010 1397 1165 1424 omnes·
1184 1389 1225 1424 et
1256 1396 1321 1424 me
1354 1385 1422 1423 cui
1454 1389 1495 1423 et

105 1445 221 1486 illum
251 1458 326 1499 per
358 1458 480 1498 quem
512 1445 694 1486 scribere
727 1445 904 1485 debebas
936 1445 1149 1498 indignum
1176 1444 1493 1485 arbitrabuntur.

106 1504 146 1547 2.
180 1506 230 1546 de
261 1510 493 1558 temporum
525 1511 632 1546 statu
663 1507 744 1546 iam
775 1505 877 1545 nihil
909 1510 954 1545 ut
985 1507 1101 1559 prius
1134 1504 1320 1559 consulo,
1356 1517 1408 1544 ne
1441 1506 1495 1544 sit

106 1565 289 1616 moribus
327 1567 410 1606 tuis
448 1567 584 1621 oneri,
624 1567 659 1606 si
697 1566 865 1606 adversa
903 1567 1130 1619 significes,
1169 1579 1262 1606 cum
1299 1577 1494 1618 prospera
1515 1574 1550 1600 2⁰

106 1639 189 1668 non
227 1631 461 1680 sequantur.
525 1639 618 1667 nam
657 1639 749 1667 cum
787 1634 828 1666 te
867 1638 950 1666 non
989 1626 1130 1666 deceat
1167 1626 1265 1666 falsa
1302 1625 1494 1666 mandare

106 1693 227 1741 atque
267 1689 366 1728 item
404 1687 541 1727 desint
578 1689 709 1728 votiva
744 1692 988 1740 memoratu,
1026 1687 1136 1740 fugio
1170 1686 1363 1739 quicquid
1396 1685 1495 1726 illud

106 1748 204 1789 mali
234 1753 297 1789 est
328 1761 402 1802 per
435 1747 634 1788 honorum
667 1748 817 1788 indicia
850 1760 1108 1801 cognoscere.
1160 1746 1257 1787 vale.

763 1890 839 1934 VI.

328 1972 558 2010 SIDONIUS
584 1973 885 2010 APOLLINARI
912 1973 1006 2010 SUO
1034 1971 1276 2009 SALUTEM.

205 2049 243 2092 1.
282 2051 359 2092 Per
390 2051 627 2091 Faustinum
665 2052 887 2092 antistitem
925 2063 1006 2090 non
1045 2052 1180 2090 minus
1217 2049 1317 2089 mihi
1349 2050 1498 2089 veteris
1517 2058 1553 2084 2⁵

111 2112 371 2153 contubernii
396 2111 606 2152 sodalitate
633 2124 753 2164 quam
779 2124 906 2152 novae
926 2111 1192 2165 professionis
1213 2111 1497 2150 communione

212 2219 257 2252 10
282 2215 351 2262 qni
375 2227 404 2252 s.
424 2216 448 2253 l.
469 2216 557 2252 add.
578 2215 715 2262 M²T²,
739 2227 807 2252 om.
829 2216 944 2261 LNu
973 2220 1015 2251 12
1037 2215 1122 2250 vale
1144 2214 1298 2260 MO'Tu
1320 2218 1364 2250 13
1383 2215 1498 2251 inser.

113 2276 184 2301 om.
209 2265 246 2300 L
282 2266 295 2311 n
336 2268 379 2300 18
406 2264 576 2300 debebas
609 2264 663 2310 L,
695 2264 871 2301 debeatis
903 2264 951 2311 (ti
981 2276 1009 2300 s.
1037 2264 1060 2300 l.
1095 2263 1181 2299 add.
1209 2263 1469 2309 N¹)NMTC'
1488 2263 1500 2308 f*

115 2316 162 2348 22
189 2312 317 2349 desint
349 2313 440 2349 VM
443 2313 478 2349 T
486 2312 524 2358 0,
551 2323 639 2348 eum
664 2312 741 2348 sint
766 2313 803 2349 L
827 2318 862 2350 et
888 2316 998 2357 (corr.
1025 2313 1069 2348 in
1094 2310 1222 2346 desint
1247 2311 1306 2348 N²
1331 2316 1400 2348 aut
1424 2312 1470 2347 N
1471 2313 1498 2356 ²)

115 2361 158 2396 Ν
164 2376 178 2406 ,·
209 2366 296 2408 post
325 2360 420 2397 item
445 2362 563 2398 deesse
586 2361 686 2397 velut
711 2360 914 2407 ancipitia,
941 2359 1124 2405 ambigua
1146 2361 1362 2406 suspicatur
1385 2360 1500 2397 Laet-

111 2409 261 2455 J'ohawn
283 2411 289 2456 Ι
310 2409 543 2446 memoratui
571 2409 688 2446 Vatic.
709 2412 807 2447 3421
831 2411 836 2456 Ι
858 2409 957 2445 illud
976 2420 1045 2446 om.
1068 2408 1127 2455 On
1147 2412 1194 2444 24
1218 2409 1330 2446 inser.
1351 2420 1419 2446 om.
1440 2408 1501 2455 ng
