1592 2612
635 132 931 170 PRAEFATIO.
1372 131 1479 169 XXV

88 236 131 276 vi
174 234 394 276 abhorrere
438 234 640 289 videatur3
692 235 762 289 sed
812 240 947 276 tamen
993 233 1317 287 Luetjohannum
1362 237 1479 288 sequi

90 297 219 338 satius
251 308 342 337 esse
375 295 542 336 credidi.
570 319 626 324 -—
654 296 715 350 IV,
739 294 807 350 15,
827 294 854 336 3
881 301 922 337 et
948 291 1026 351 (=
1047 291 1192 350 etiam)
1218 301 1311 348 post
1336 309 1478 347 quam-

88 369 214 408 quam
251 357 424 398 restitui.
464 356 522 397 Cf.
549 369 610 410 ep.
638 356 703 411 IX,
732 356 770 411 1,
797 355 837 397 2.
865 379 922 384 —
955 356 1016 410 IV,
1045 353 1114 410 16,
1141 355 1169 397 2
1208 355 1478 410 Luetjohanni

87 417 292 471 triplicem
333 419 599 458 mutationem
644 413 754 474 (add.
799 420 852 470 is,
894 419 1074 471 carebit,
1113 419 1192 466 est)
1237 422 1283 458 ut
1320 430 1394 471 per
1433 431 1477 460 se

88 485 232 531 parum
263 478 515 532 probabilem
546 479 602 519 ita
633 490 684 518 ne
711 480 984 519 necessariam
1012 478 1176 531 quidem
1210 479 1299 519 iure
1331 477 1478 532 Engel-

89 539 298 580 brechtius
330 538 354 580 l.
381 539 405 580 1.
433 552 470 592 p.
499 538 525 581 8
558 539 766 593 refutavit3
798 552 931 592 neque
963 540 1092 592 magis
1124 551 1292 580 necesse
1318 539 1479 581 videtur

89 612 184 641 cum
215 598 350 640 Leone
383 603 426 641 in
458 612 522 641 me
553 605 645 641 ante
678 602 862 640 imitatus
894 600 1054 640 addere.
1088 623 1145 627 —
1178 599 1234 640 Ib.
1267 600 1315 640 ad
1350 602 1476 654 scrip-

89 665 222 702 turam
255 673 305 701 ex
336 660 436 701 11Νὸ
467 665 746 714 recuperatam
780 665 887 702 totus
919 666 1107 711 totusque
1133 661 1311 701 conferri
1342 666 1478 714 potest

89 720 223 762 Faust.
257 721 307 762 de
341 722 438 775 spir.
472 734 502 762 5.
530 721 559 776 Ι,
582 720 638 763 13
671 717 728 777 (p.
753 719 853 776 126,
880 719 938 762 23
964 716 1029 777 E.)
1072 723 1340 763 credentibus
1371 727 1479 764 totus

90 784 279 823 traditur
310 788 351 824 et
381 788 490 824 totus
516 795 542 823 a
569 784 832 823 tradentibus
860 784 1099 833 possidetur
1133 778 1271 838 (paulo
1304 787 1395 823 ante
1428 783 1478 823 de

91 847 234 885 natura
272 844 379 896 ignis
418 844 579 883 accensi
618 843 770 883 dictum
809 838 905 898 est),
942 848 988 883 ut
1026 855 1119 883 cum
1158 855 1280 883 causa
1313 843 1477 897 colligas

92 902 305 944 Sidonium
341 904 463 944 huius
508 905 638 957 ipsius
680 903 759 944 loci
798 905 1045 944 meminisse.
1079 926 1135 931 —
1169 903 1230 958 IV,
1259 902 1313 946 17
1357 906 1479 945 inser.

90 963 340 1005 Mommseno
374 964 544 1005 docente
571 966 799 1015 Arboqastz‘
830 966 987 1017 scripsi.
1015 987 1071 992 —
1098 964 1153 1004 lh.
1175 963 1203 1006 2
1232 967 1363 1016 ipsum
1388 971 1482 1018 post

91 1027 258 1066 limitem
289 1024 430 1066 delevi.
458 1048 516 1053 —-
542 1024 604 1079 IV,
632 1023 701 1079 18,
721 1024 749 1066 2
782 1024 997 1066 lectionem
1031 1027 1212 1065 omnium
1244 1026 1431 1066 codicum
1458 1039 1480 1066 a

89 1084 368 1139 Luetjohanno
402 1087 490 1126 sine
523 1098 643 1126 causa
676 1087 927 1126 immutatam
960 1088 1187 1136 (totamque
1213 1118 1222 1127 .
1250 1119 1258 1126 .
1287 1116 1295 1125 .
1325 1100 1479 1138 perva-

90 1149 291 1198 qaturus)
324 1148 497 1187 restitui.
532 1146 589 1187 Cf.
622 1146 809 1199 Engelbr.
843 1146 867 1186 l.
895 1147 918 1187 l.
945 1160 983 1200 p.
1013 1145 1050 1187 7.
1084 1170 1142 1174 ———
1175 1146 1230 1187 ΙΙ).
1251 1146 1280 1188 4
1307 1160 1355 1188 ex
1382 1147 1482 1188 LN²

89 1209 390 1258 predecessore
423 1209 588 1261 scripsi,
627 1220 729 1260 quae
768 1208 896 1247 forma
934 1209 1065 1247 rarior
1097 1220 1179 1248 non
1212 1207 1343 1248 solum
1375 1209 1480 1262 apud

94 1267 377 1321 Symmachum
410 1264 542 1324 (relat.
576 1265 648 1322 25,
674 1267 720 1322 33
753 1267 824 1322 33,
851 1264 898 1324 2)
932 1270 1150 1322 invenitur,
1181 1281 1322 1309 verum
1356 1271 1478 1310 etiam

94 1329 200 1382 apud
231 1328 462 1370 Ennodium
500 1324 558 1384 (p.
589 1327 688 1383 121,
717 1324 792 1384 12)
827 1342 848 1369 a
880 1328 1044 1382 Vogelio
1083 1342 1132 1369 ex
1166 1331 1330 1382 optimis
1362 1329 1479 1370 libris

94 1391 281 1430 restituta
323 1394 385 1430 est
425 1385 595 1445 (Novell.
639 1389 719 1430 Val.
752 1389 879 1429 XXIX
925 1391 979 1430 in.
1019 1389 1146 1430 codex
1186 1389 1481 1431 Ottobonianus

90 1452 436 1501 predecessorum
468 1445 621 1506 habet).
649 1473 710 1478 —
736 1449 791 1490 lb.
815 1453 957 1502 priori
988 1452 1152 1504 scripsi,
1186 1452 1269 1491 sive
1303 1451 1482 1491 dativum

95 1522 186 1550 esse
231 1523 418 1565 censeas,
469 1523 588 1563 quem
640 1523 722 1550 non
771 1523 862 1551 raro
915 1524 1007 1552 cum
1052 1513 1322 1564 comparativo
1369 1514 1482 1565 iungi

95 1576 236 1611 notum
269 1575 343 1625 est,
375 1572 472 1625 sive,
499 1571 604 1623 quod
632 1572 760 1623 magis
786 1570 931 1625 placet,
956 1571 1186 1626 ablativum,
1213 1585 1315 1625 quae
1342 1573 1482 1627 forma,

95 1633 178 1671 nisi
209 1630 341 1685 fallor,
375 1631 479 1685 apud
513 1644 653 1671 omnes
685 1631 795 1672 illius
828 1633 970 1672 aetatis
1010 1634 1249 1686 scriptoreS,
1293 1638 1338 1673 ut
1377 1634 1483 1686 apud

98 1691 308 1746 Hilarium,
341 1691 591 1747 Cassianum,
622 1691 828 1746 Faustum,
854 1691 1078 1747 Ruricium,
1105 1692 1369 1734 Claudianum
1400 1694 1482 1735 Ma-

94 1757 281 1806 mertum,
313 1753 518 1793 interdum
550 1765 623 1806 pro
657 1754 867 1793 usitatiore
900 1753 967 1793 illa
998 1755 1042 1793 in
1074 1767 1097 1793 e
1129 1756 1319 1795 occurrit.
1378 1754 1481 1795 Con-

94 1818 155 1853 tra
182 1826 244 1866 ep.
264 1813 324 1867 vl,
351 1814 385 1867 l,
416 1812 437 1854 1
468 1813 670 1864 inferiore
695 1813 879 1866 praetuli.
910 1837 964 1842 —-
991 1813 1047 1854 lb.
1074 1811 1103 1855 5
1129 1827 1163 1853 v.
1188 1812 1242 1855 13
1275 1815 1324 1855 de
1359 1816 1480 1856 Sala-

93 1876 282 1915 moniaco
313 1887 348 1914 ν.
381 1874 548 1915 Βο111161,
582 1874 605 1914 l.
627 1874 650 1914 l.
677 1887 714 1927 p.
739 1871 838 1928 132,
863 1873 902 1914 2.
937 1898 993 1902 ——
1026 1874 1087 1928 IV,
1113 1872 1172 1915 20
1204 1876 1325 1916 inscr.
1359 1878 1479 1917 Dom-

95 1937 207 1976 nicio
240 1936 405 1989 scripsi,
439 1935 487 1975 cf.
521 1947 582 1988 ep.
609 1935 652 1988 V,
682 1934 750 1988 17,
777 1933 815 1976 6.
851 1958 907 1962 -
941 1935 996 1975 lb.
1029 1935 1049 1975 1
1079 1948 1346 1990 conceperas,
1374 1937 1481 1989 quod

95 1996 139 2035 in
170 1994 264 2035 LN¹²
302 2000 382 2050 est,
427 1997 643 2048 genuinam
681 1995 897 2036 lectionem
938 2008 1028 2036 esse
1069 1997 1166 2036 satis
1205 1995 1342 2036 multis
1382 1996 1483 2038 locis

95 2055 402 2110 comprobatur,
443 2055 514 2095 ubi
552 2056 694 2096 eodem
736 2056 856 2096 modo
895 2056 1136 2096 indicativus
1176 2056 1484 2111 plusquamper-

96 2116 193 2156 fecti
230 2129 303 2169 pro
343 2118 598 2157 coniunctivo
641 2122 879 2171 usurpatur,
917 2116 1025 2157 velut
1064 2130 1124 2170 ep.
1159 2116 1188 2170 I,
1218 2114 1256 2170 1,
1282 2116 1311 2158 4
1352 2121 1482 2159 conti-

97 2189 342 2225 cueramus;
373 2177 438 2230 ΙΙΙ,
466 2176 506 2230 5,
535 2175 557 2218 1
588 2180 907 2229 impetraverat,·
933 2177 975 2231 V,
996 2176 1036 2230 ἵ),
1059 2175 1081 2217 1
1106 2179 1311 2219 dederant
1317 2193 1334 2226 ;
1360 2191 1481 2220 carm.

97 2237 163 2291 XI,
197 2236 252 2279 78
292 2240 530 2285 occiderat;
567 2237 620 2277 ib.
654 2236 711 2279 82
751 2240 922 2279 dimerat
960 2233 1013 2292 (v,
1054 2239 1175 2277 etiam
1213 2237 1262 2278 M.
1301 2238 1481 2280 Mueller.

98 2294 163 2338 ‘de
196 2297 266 2350 Ap.
301 2297 382 2338 Sid.
415 2295 629 2338 latinitate'
662 2311 699 2351 p.
736 2293 854 2353 102).
889 2322 945 2326 —
979 2297 1034 2337 lb.
1067 2310 1141 2350 pro
1174 2300 1331 2340 rubore
1362 2299 1484 2341 Luet-

94 2357 298 2411 johannus
331 2360 373 2398 in
405 2358 537 2398 adnot.
570 2358 682 2398 malit
715 2364 845 2408 tuere,
888 2358 1218 2399 Wilamowitzius
1251 2372 1347 2408 ore;
1384 2360 1483 2401 illud

101 2420 265 2459 omnino
304 2418 555 2459 reiciendum
608 2424 681 2472 est,
727 2420 820 2471 quia
863 2418 1019 2471 singula
1063 2419 1244 2460 membra
1290 2423 1483 2462 orationis
