1592 2612
0 88 17 141 35
46 63 51 67 Α
398 126 406 132 .
617 96 827 134 cAmffln
853 96 934 134 xv.
1381 94 1468 138 317

209 205 257 241 tu
285 199 486 241 meditans
516 203 648 239 totum
679 199 867 253 decoras,
896 197 1136 252 Periandre,
1169 196 1410 251 Corinthon3

206 261 364 302 Atticus
386 259 483 300 inde
509 259 632 300 Solon
658 256 725 300 ‘ne
761 259 859 313 quid
893 255 1032 300 nimis’
1065 257 1260 312 approbat
1291 269 1441 311 unum;

205 321 400 362 Prienaee
431 320 522 374 Bia,
553 320 692 373 plures
723 321 783 360 ais
814 332 905 360 esse
937 319 1157 373 malignos;

206 387 254 422 tu
282 380 471 436 Mytilene
503 385 614 421 satus
646 393 910 435 cognoscere,
941 380 1117 434 Pittace,
1148 385 1328 433 tempus,

135 451 183 483 50
208 454 378 483 noscere
410 454 500 482 sese
530 443 684 495 ipsum,
715 441 859 482 Chilon
891 441 1108 495 Spartane,
1139 439 1331 494 docebas;

209 504 359 543 asserit
387 502 455 543 hic
486 501 647 542 Samius
678 507 772 555 post
802 502 920 542 docta
953 501 1113 542 silentia
1144 500 1266 541 lustri

208 563 471 617 Pythagoras,
503 562 677 603 solidum
707 564 900 616 princeps
932 562 1038 615 quod
1070 563 1226 602 musica
1258 559 1455 600 mundum

210 628 411 677 temperet
441 628 482 664 et
513 625 637 664 certis
670 628 911 664 concentum
942 622 1085 663 reddat
1116 621 1165 662 ab
1197 622 1339 675 astris,

212 685 426 737 signaque,
457 684 645 724 zodiacus
677 696 779 736 quae
813 683 990 724 circulus
1022 695 1095 723 axe
1129 694 1320 735 supremo

137 753 184 785 55
210 750 327 785 terna
358 749 501 797 quater
531 746 699 798 retinet,
729 746 896 797 proprio
927 756 1010 784 non
1042 755 1207 784 currere
1239 747 1371 796 motu,

210 806 352 858 aequis
384 806 493 845 inter
525 817 568 845 se
602 806 744 858 spatiis
775 810 911 845 tamen
943 817 1034 845 esse
1065 803 1194 844 locata

212 866 371 919 fixaque
403 865 598 918 signifero
629 866 783 918 pariter
808 878 968 918 quoque
1001 877 1151 905 cernua
1183 864 1303 917 ferri,

212 927 557 980 praecipuumque
589 927 710 966 etiam
743 931 899 979 septem
930 938 1028 978 vaga
1060 925 1194 965 sidera
1226 928 1389 964 cantum

210 987 307 1027 hinc
332 986 440 1040 dare,
465 986 671 1039 perfectus
702 999 897 1027 numerus
930 986 1037 1039 quod
1069 990 1241 1038 uterque
1267 983 1476 1037 habeatur,

140 1055 186 1088 60
211 1047 289 1087 hoe
319 1059 491 1087 numero
523 1047 748 1101 affirmans,
778 1047 855 1087 hoc
887 1047 1030 1087 ordine
1063 1051 1209 1086 cuncta
1239 1046 1384 1098 rotari3

211 1107 383 1148 falciferi
413 1119 555 1147 zonam
586 1109 646 1148 ire
678 1109 789 1148 senis
819 1120 895 1160 per
926 1119 1082 1148 summa
1113 1106 1319 1160 polorum,

209 1167 350 1208 Martis
382 1169 616 1220 contiguum
648 1168 782 1208 medio
813 1168 905 1208 love
936 1180 1107 1222 pergere
1141 1166 1273 1220 sidus,

210 1233 304 1282 post
334 1227 408 1268 hos
441 1229 521 1268 iam
553 1233 696 1282 quarto
729 1241 773 1269 se
805 1228 969 1269 flectere
1001 1229 1163 1268 tramite
1195 1226 1350 1280 Solem,

214 1290 274 1329 sic
304 1288 503 1342 placidam
535 1288 713 1342 Paphien
746 1302 906 1330 servare
939 1289 1135 1329 diastema
1168 1289 1374 1341 quintum,

142 1357 188 1390 65
214 1348 431 1389 Arcadium
463 1353 596 1402 sexto,
627 1349 781 1389 Lunam
814 1351 872 1390 sic
904 1349 1003 1390 orbe
1036 1361 1225 1402 supremo

213 1414 278 1449 ter
309 1408 433 1448 denas
465 1411 622 1462 tropico
653 1422 779 1462 prope
813 1422 978 1462 currere
1012 1409 1171 1450 climate
1203 1421 1349 1462 myras.

216 1471 252 1509 si
284 1481 386 1522 quos
418 1481 515 1522 ergo
548 1469 703 1524 chelys,
736 1471 771 1509 si
802 1483 904 1523 quos
937 1470 1042 1524 lyra,
1074 1470 1173 1510 tibia
1206 1471 1242 1509 si
1274 1481 1375 1522 quos

215 1529 419 1570 ediderint
450 1542 543 1570 cum
574 1542 671 1570 voce
703 1530 865 1585 modos,
897 1530 1105 1582 exemplar
1137 1529 1185 1570 ad
1218 1529 1326 1570 istud

215 1589 466 1644 ponderibus
498 1591 660 1644 positis,
693 1595 887 1643 quantum
919 1591 1129 1644 proportio
1162 1590 1321 1644 suadet,

145 1658 191 1691 70
218 1649 426 1690 intervalla
459 1652 575 1703 sequi
608 1652 766 1704 septeni
798 1651 945 1691 sideris
978 1651 1079 1705 edit3

217 1711 466 1751 harmoniam
500 1711 639 1751 dicens
672 1713 811 1765 etiam,
847 1712 954 1764 quod
987 1716 1176 1764 quattuor
1207 1712 1298 1751 istis

219 1772 278 1812 sic
310 1771 477 1811 sedeant
509 1771 708 1812 elementa
739 1772 894 1826 modis,
925 1777 970 1812 ut
1004 1772 1183 1825 pondere
1215 1773 1373 1824 magnis

220 1833 272 1871 sit
304 1831 417 1871 locus
448 1831 618 1871 inferior
650 1832 782 1872 media
813 1832 977 1886 tellure3
1011 1832 1118 1885 quod
1151 1837 1285 1872 autem

219 1892 398 1944 perfecte
431 1891 609 1932 medium
642 1897 722 1947 est,
755 1894 881 1934 imum
913 1898 1023 1946 patet
1054 1905 1144 1933 esse
1177 1892 1359 1946 rotundi;

148 1960 193 1993 75
220 1952 314 1992 hinc
347 1952 453 2006 fieri,
486 1957 531 1992 ut
562 1957 713 1993 terram
745 1953 872 1994 levior
905 1955 1175 2007 superemicet
1207 1953 1336 2007 unda,

221 2012 340 2052 altior
370 2012 433 2051 his
467 2025 627 2065 quoque
660 2015 714 2053 sit
745 2016 816 2067 qui
848 2016 990 2067 purior
1022 2015 1174 2054 eminet
1206 2026 1294 2067 aer,

222 2074 357 2112 omnia
389 2072 602 2113 concludat
633 2073 789 2114 caelum
821 2074 981 2115 levitate
1015 2087 1221 2127 suprema,

221 2133 394 2186 pendeat
426 2138 466 2172 et
497 2138 625 2174 totum
659 2134 779 2175 simul
810 2135 886 2175 hoc
919 2135 968 2175 ab
1001 2137 1156 2187 origine
1190 2136 1330 2175 centri.

200 2287 246 2319 49
272 2295 460 2331 cognosce
491 2285 540 2331 P,
574 2286 771 2333 cognoscis
799 2287 878 2324 OF
908 2290 921 2333 ss
959 2291 1004 2323 59
1031 2286 1094 2323 hic
1122 2287 1160 2322 P
1198 2288 1203 2333 Ι
1244 2286 1377 2332 utique
1404 2287 1442 2323 P
1481 2288 1484 2332 ξ

105 2334 489 2428 ῗΤΖῖιέἶωὴρροοῗίὶ
519 2334 724 2372 Claudian.
752 2336 844 2381 VII,
865 2339 976 2382 168);
1008 2347 1151 2372 cronon
1178 2335 1227 2381 F,
1260 2335 1430 2372 chronon
1458 2336 1490 2372 (J

330 2393 365 2417 ιο
