1592 2612
166 89 255 133 222
605 60 611 68 ’
670 54 822 123 LIBER*
841 86 1020 125 NONUS.
1090 131 1093 134 ,

167 195 383 243 grammata
414 191 589 230 recentia
614 189 732 228 modo
759 187 867 228 nulla
893 187 1064 240 dictabO,
1089 188 1144 227 ita
1169 186 1337 242 litteras,
1369 188 1405 228 si
1431 200 1534 240 quae

166 251 354 291 iacebunt
396 262 514 289 versu
559 249 749 302 refertae,
806 247 961 288 scilicet
1005 251 1095 287 ante
1140 248 1367 300 praesentis
1412 247 1535 288 officii

166 312 456 363 necessitatem,
483 310 637 349 mittam
662 308 750 362 tibi,
775 313 928 361 petens,
954 320 1004 347 ne
1030 311 1074 347 tu
1095 308 1150 347 sis
1171 311 1336 348 eatenus
1355 309 1533 348 iustitiae

166 372 467 423 praevaricator,
499 374 543 409 ut
568 382 632 409 me
659 370 835 421 opineris
861 380 1079 420 numquam
1106 367 1154 407 ab
1180 367 1412 408 huiusmodi
1438 380 1532 408 con-

130 440 146 466 5
167 432 382 483 scriptione
414 434 741 482 temperaturum.
792 441 922 481 neque
950 429 1057 467 enim
1084 427 1272 480 suffragio
1304 433 1373 468 tuo
1399 429 1534 469 minus

166 503 322 543 augear,
354 491 388 529 si
420 490 521 529 forte
555 489 732 541 digneris
759 490 837 528 iam
863 488 1090 528 modestum
1114 489 1250 540 potius
1277 500 1397 541 quam
1427 489 1531 529 face·
1564 501 1566 503 ·

164 556 248 590 tum
281 547 404 603 <me>
435 550 675 589 existimare.
726 549 821 589 vale.

787 700 906 744 XIII.

403 783 630 820 smoNqu
655 783 909 820 TONANTIO
925 783 1030 820 suo
1057 783 1298 822 SALUTEM.
1371 766 1374 768 ’

255 859 292 901 1.
335 861 407 901 Est
445 861 624 915 quidem,
663 861 807 914 fateor,
851 860 1034 901 versibus
1080 862 1181 901 meis
1224 862 1421 901 sententia
1464 866 1531 902 tua

110 930 144 956 10
162 927 243 961 tam
274 921 497 974 plausibilis
530 921 636 975 olim,
669 926 750 961 tam
781 921 1023 975 favorabili57
1045 925 1093 961 -ut
1117 926 1328 974 poetarum
1353 934 1417 962 me
1444 923 1530 974 qui-

161 981 315 1034 busque
348 981 577 1022 lectissimis
610 981 920 1034 comparandum
947 986 1081 1035 putes,
1114 986 1223 1022 certe
1256 981 1531 1035 compluribus

163 1042 494 1094 anteponendum.
557 1042 765 1082 crederem
796 1041 888 1096 tihi,
923 1043 958 1082 si
990 1054 1088 1095 non,
1132 1046 1176 1082 ut
1207 1041 1378 1082 multum
1411 1044 1531 1096 sapis,

162 1103 217 1141 ita
244 1114 400 1154 quoque
427 1102 594 1142 multum
622 1115 685 1142 me
711 1114 875 1142 amares.
914 1102 1009 1142 hinc
1035 1106 1097 1141 est
1123 1102 1229 1154 quod
1262 1102 1312 1142 de
1343 1102 1529 1143 laudibus

163 1163 263 1201 meis
281 1164 427 1201 caritas
447 1166 515 1202 tua
537 1164 700 1202 mentiri
719 1167 851 1215 potest
870 1175 945 1203 nec
965 1166 1098 1215 potest
1118 1162 1265 1202 fallere.
1311 1161 1349 1202 2.
1370 1167 1530 1215 praeter

109 1229 143 1256 15
162 1221 237 1261 hoc
269 1223 414 1276 poscis,
446 1227 490 1262 ut
514 1222 728 1262 Horatiana
760 1222 905 1263 incude
932 1223 1123 1262 formatos
1149 1222 1429 1276 Asclepiadeos
1455 1222 1530 1262 tibi

163 1283 382 1335 quospiam,
415 1282 559 1334 quibus
591 1284 697 1322 inter
722 1282 942 1323 bibendum
967 1282 1529 1337 pronuntiandisexerceare,

162 1343 438 1382 transmittam.
500 1355 621 1394 pareo
666 1344 880 1397 iniunctis,
923 1343 1034 1396 licet,
1079 1344 1115 1382 si
1158 1355 1366 1397 umquam,
1409 1343 1528 1383 modo

161 1403 331 1441 maxime
363 1404 542 1454 prosario
576 1402 766 1455 loquendi
796 1415 942 1456 genere
976 1404 1184 1443 districtus
1217 1407 1526 1456 occupatusque.

161 1461 333 1514 denique
365 1462 552 1514 probabis
591 1465 698 1503 circa
740 1476 814 1503 nos
851 1463 1023 1516 plurima
1062 1476 1110 1503 ex
1154 1467 1267 1516 parte
1305 1468 1526 1504 metrorum

105 1529 140 1555 20
160 1521 290 1565 studia
322 1523 603 1576 refrigescere3
641 1536 720 1563 non
762 1525 869 1563 enim
900 1529 1131 1577 promptum
1164 1528 1226 1564 est
1263 1536 1389 1564 unum
1427 1535 1525 1564 eun-

158 1581 327 1634 demque
359 1582 483 1634 probe
516 1583 647 1623 facere
680 1583 829 1637 aliquid
862 1589 901 1624 et
932 1596 1035 1624 raro,

426 1666 508 1705 Iam
540 1667 689 1706 dudum
720 1672 868 1708 teretes
900 1663 1253 1721 hendecasyllabos

367 1727 501 1765 attrito
536 1726 696 1766 calamis
727 1728 871 1780 pollice
903 1728 1091 1782 lusimus,

368 1798 467 1837 quos
500 1791 660 1826 cantare
691 1790 923 1840 magis'pro
957 1788 1239 1829 choriambicis

367 1858 533 1892 excusso
566 1852 726 1899 poteras
757 1847 944 1888 mobilius
976 1849 1096 1903 pede3

312 1913 332 1946 5
367 1905 435 1944 sed
467 1910 511 1945 tu
543 1919 615 1958 per
647 1906 805 1947 Calabri
836 1910 1007 1948 tramitis
1041 1921 1227 1961 aggerem

364 1967 424 2004 vis
456 1972 501 2004 ut
532 1971 668 2006 nostra
701 1967 845 2007 dehinc
878 1970 1046 2008 cursitet
1078 1968 1226 2022 orbita,

366 2038 443 2077 qua
474 2024 639 2065 Flaccus
671 2026 816 2079 lyricos
847 2013 1102 2068 Pindaricum
1135 2028 1183 2068 ad
1214 2027 1341 2068 melos

365 2085 489 2124 frenis
522 2085 634 2125 flexit
666 2099 790 2138 equos
821 2087 1218 2143 plectripotentibUS,

366 2144 460 2185 dum
493 2150 620 2185 metro
654 2148 830 2198 quatitur
862 2148 1009 2188 chorda
1041 2149 1250 2202 Glyconi0‚

251 2264 272 2296 6
298 2271 343 2296 ex
367 2246 535 2296 facetum
567 2261 609 2297 in
639 2272 711 2298 ras.
740 2262 805 2309 leq.
833 2264 958 2298 cetum
983 2266 1025 2300 in
1050 2264 1126 2310 Ml,
1156 2265 1199 2300 tu
1224 2265 1267 2300 in
1293 2262 1340 2300 0²
1370 2263 1383 2309 ΙΙ
1414 2265 1435 2298 7
1459 2272 1520 2298 me

154 2309 300 2354 addidi,
324 2320 392 2345 om.
419 2309 521 2346 codd.
552 2311 563 2355 ΙΙ
598 2312 637 2345 11
667 2320 781 2354 quam
806 2310 979 2356 plurimis
1008 2312 1046 2359 0,
1071 2312 1133 2349 vel
1158 2309 1414 2358 compluribus
1439 2321 1467 2347 s.
1495 2311 1517 2347 Ζ.
1561 2327 1581 2348 ο

153 2357 239 2394 add.
265 2356 307 2393 0¹
327 2359 338 2404 ss
360 2361 402 2393 17
429 2354 521 2393 licei:
547 2357 620 2393 sim
645 2368 763 2403 usque
789 2359 900 2395 modo
930 2360 986 2406 ΟΙΙ
