1592 2612
128 130 197 166 XX
675 129 965 166 PRAEFATIO.

133 244 234 284 quae
275 233 317 271 in
355 235 549 283 sequente
590 232 797 270 enuntiato
837 232 1031 271 occurrit:
1078 243 1210 281 neque
1247 234 1287 271 si
1325 232 1518 273 Romana

131 293 366 343 respublica
394 323 401 330 .
430 320 439 329 .
468 323 476 331 .
506 323 514 330 .
543 293 719 341 defluxit
745 323 784 333 ..
805 323 813 331 .
836 323 867 340 .‚
908 303 988 332 non
1028 293 1190 332 idcirco
1228 292 1385 332 Brutos
1421 292 1518 333 Tor-

134 357 361 403 quatosque
393 364 474 392 non
501 353 679 402 pariunt
710 355 880 392 saecula
912 364 1022 405 mea,
1055 356 1095 392 et
1128 351 1214 392 cod.
1240 351 1519 392 Bruxellensis

137 425 167 452 5.
188 411 292 466 ΧΙΙΙ,
321 423 416 451 sane
443 410 594 451 nullius
621 413 744 464 pretii
769 411 884 465 liber,
915 413 1029 464 prius
1055 424 1137 453 non
1164 413 1323 452 omittit.
1381 411 1520 465 Neque

135 478 276 513 tamen
310 473 526 524 quicquam
566 477 764 512 mutatum
796 471 934 526 velim,
973 485 1065 512 eum
1102 472 1205 512 hanc
1237 472 1521 513 abundantiam

134 545 216 573 non
262 534 319 572 ita
357 544 489 572 raram
528 544 617 572 esse
662 532 838 586 videam,
883 545 1124 585 quamquam
1169 533 1274 586 apud
1310 532 1520 574 Sidonium

136 593 241 633 nihil
275 592 406 632 simile
440 594 613 645 repperi.
678 592 734 632 Cf.
764 592 792 632 I.
821 592 919 633 Stix.
948 590 1228 646 ‘Sprachgehn
1255 593 1291 633 d.
1318 593 1370 633 hl.
1396 593 1519 634 Hilar.

135 667 168 694 v.
198 650 386 693 Poitiers’
420 666 455 705 p.
484 650 543 693 24
556 665 640 705 sqq.
669 676 725 680 —
752 652 808 692 lb.
837 651 864 693 2
897 666 944 693 ex
973 653 1092 693 NMC
1125 653 1336 704 defuerint
1363 655 1520 706 scripsi.

144 737 200 742 —
237 713 302 766 III,
333 712 399 766 12,
430 714 449 753 1
486 712 631 753 melius
665 715 793 753 visum
825 718 887 753 est
919 719 1055 754 tamen
1081 715 1311 767 restituere3
1343 726 1435 754 nam
1462 715 1523 754 vis

142 775 266 814 huius
298 775 408 813 vocis
435 785 515 812 non
543 786 635 813 raro
663 775 716 813 ita
743 775 953 814 imminuta
980 779 1053 828 est,
1084 778 1130 813 ut
1155 773 1262 814 idem
1287 774 1370 814 fere
1396 774 1524 815 valeat

142 834 250 887 quod
297 839 410 874 certe
450 829 734 888 (‘allerdings',
780 830 1021 890 ‘freilich');
1067 834 1114 874 cf.
1153 833 1301 874 Hartel.
1341 831 1521 875 ‘Patrist

143 891 271 935 Stud.'
306 889 440 946 p.‘41.
463 917 518 921 --
541 893 595 933 lb.
622 893 651 935 2
683 893 1019 946 Engelbrechtius
1052 894 1075 934 l.
1102 894 1125 933 l.
1152 907 1189 947 p.
1218 892 1245 935 6
1277 894 1459 935 voculam
1485 901 1525 936 et

138 955 329 1008 plurimis
363 953 478 993 libris
510 954 699 994 traditam
731 956 820 994 iure
854 954 1034 994 defendit
1065 959 1249 1007 respecto
1281 954 1368 994 loco
1396 954 1521 995 simil-

140 1015 236 1055 limo
271 1027 331 1067 ep.
359 1014 401 1067 V,
431 1013 499 1067 17,
527 1012 566 1068 8,
604 1014 674 1054 ubi
707 1014 847 1054 eadem
879 1014 1071 1067 periodus
1107 1016 1301 1069 occurrit3
1340 1015 1411 1055 sed
1443 1015 1519 1055 hoc

139 1076 227 1115 loco
264 1076 505 1114 sententiam
538 1074 750 1114 clariorem
769 1075 927 1115 ‘fecisse
959 1075 1059 1114 mihi
1091 1075 1241 1129 videor,
1277 1088 1369 1115 cum
1400 1075 1522 1116 verba

139 1138 342 1185 confiteor
380 1147 568 1176 errorem
609 1137 650 1175 in
688 1135 922 1187 parenthesi
960 1134 1160 1176 collocavi.
1196 1159 1252 1163 -—
1291 1135 1363 1189 111,
1394 1134 1466 1189 13,
1493 1135 1521 1177 2

140 1197 217 1236 etsi
250 1197 440 1236 venditor
471 1207 544 1247 per
577 1207 619 1235 se
652 1195 755 1235 bene
795 1195 975 1248 intellegi
1006 1200 1152 1249 potest,
1184 1201 1318 1236 tamen
1350 1196 1520 1236 fortasse

139 1258 375 1297 venditator
402 1255 659 1296 scribendum
688 1260 761 1309 est,
788 1255 894 1308 quod
922 1257 1041 1295 etiam
1067 1255 1388 1296 homoeoteleuto
1413 1269 1521 1296 com-

138 1316 362 1356 mendatur.
391 1338 447 1342 —
474 1315 529 1355 lb.
552 1315 579 1357 3
604 1318 824 1367 praemisit
849 1317 999 1369 optime
1027 1316 1208 1370 quadrat,
1241 1317 1276 1356 si
1303 1316 1521 1357 subaudias

137 1379 300 1417 domum
327 1371 464 1431 (paulo
492 1381 583 1415 ante
610 1376 763 1416 dictum
790 1381 852 1416 est
877 1378 954 1417 hoc
979 1380 1110 1417 solum
1136 1379 1351 1418 comedens
1378 1372 1519 1432 domi).

136 1436 438 1489 Engelbrechtii
476 1437 600 1488 igitur
639 1438 871 1477 coniectura
905 1432 948 1492 (l.
977 1436 999 1476 l.
1027 1450 1063 1489 p.
1095 1432 1170 1492 14)
1205 1440 1409 1488 prompsit
1440 1439 1518 1477 rei-

138 1496 281 1537 cienda
320 1501 391 1536 est.
426 1519 482 1523 —
515 1495 570 1536 lb.
603 1499 765 1537 silenda
804 1498 982 1551 restitui,
1022 1502 1151 1537 totum
1191 1498 1300 1537 enim
1338 1499 1521 1538 enuntia-

137 1562 224 1598 tum
256 1557 420 1609 plenum
455 1569 545 1596 6556
578 1561 689 1609 patet
720 1558 892 1610 ironiae,
927 1570 1028 1610 quae
1060 1553 1328 1610 Luetjohanni
1360 1559 1519 1598 coniec-

137 1623 227 1657 tura
259 1619 410 1657 silendi
438 1617 555 1669 plane
589 1617 838 1657 ohscuratur.
873 1641 929 1645 —
963 1617 1017 1657 lh.
1046 1615 1074 1658 5
1106 1630 1157 1657 ne
1189 1620 1323 1658 vultus
1355 1618 1519 1670 quidem

139 1690 239 1731 opus
274 1690 363 1717 esse
395 1677 572 1731 videtur,
611 1690 703 1717 cum
736 1677 908 1718 subiecti
940 1679 1107 1718 mutatio
1139 1677 1291 1718 nullius
1324 1679 1519 1719 momenti

139 1739 202 1778 sit.
260 1737 449 1777 Ceterum
482 1738 530 1777 cf.
556 1737 745 1778 Prudent.
773 1738 873 1778 cath.
901 1737 948 1791 II,
974 1735 1032 1779 35
1066 1740 1203 1789 inepta
1235 1751 1347 1778 nuno
1378 1750 1516 1779 omnes

138 1811 215 1838 sua
248 1801 360 1838 vultu
394 1801 583 1838 colorant
613 1801 741 1847 serio,
781 1799 850 1850 qui
888 1798 1000 1838 locus
1034 1797 1198 1838 Sidonio
1237 1797 1406 1838 fortasse
1447 1798 1516 1838 ob-

139 1862 321 1898 versatus
355 1863 433 1911 est3
466 1870 559 1898 nam
592 1860 689 1910 quin
722 1858 835 1898 illum
869 1870 1028 1910 quoque
1060 1863 1219 1911 poetam
1245 1859 1426 1898 imitatus
1454 1859 1519 1912 sit,

141 1918 316 1959 dubitari
348 1931 429 1958 non
461 1923 606 1972 potest,
638 1920 673 1958 si
704 1920 852 1959 mirum
877 1918 977 1958 illud
1004 1918 1120 1969 fossa
1146 1921 1276 1959 maris
1301 1931 1393 1959 cum
1419 1918 1519 1959 Pru-

143 1979 248 2018 dent.
284 1979 385 2018 cath.
412 1978 483 2032 IX,
514 1977 570 2019 14
604 1979 720 2029 fossa
753 1981 874 2030 ponti
909 1991 1129 2031 compares.
1163 2002 1219 2006 —
1258 1978 1312 2018 Ih.
1347 1991 1396 2019 ex
1427 1978 1522 2027 LNf*

142 2042 337 2090 ineptiam
364 2040 526 2093 scripsi,
560 2040 607 2079 cf.
636 2052 696 2092 ep.
723 2039 821 2093 VIII,
849 2037 916 2093 13,
939 2038 975 2079 1.
998 2062 1053 2066 -—
1080 2038 1135 2078 Ib.
1163 2036 1191 2080 5
1218 2038 1519 2092 Luetjohannus

143 2101 228 2139 sine
263 2112 382 2139 causa
415 2102 498 2150 illa,
537 2099 643 2152 quod
677 2100 725 2140 ad
752 2112 935 2151 persona
967 2099 1225 2139 referendum
1258 2103 1338 2152 est,
1377 2100 1419 2139 in
1452 2102 1519 2141 ille

143 2161 328 2213 mutavit,
366 2160 442 2199 hoe
475 2161 583 2200 enim
621 2159 859 2200 vocabulum
896 2171 977 2199 non
1010 2159 1135 2199 semel
1173 2159 1277 2212 apud
1311 2159 1521 2200 Sidonium

142 2218 323 2259 habitum
369 2219 430 2259 vel
476 2220 618 2260 faciem
662 2220 838 2260 hominis
883 2220 1099 2273 significat,
1143 2224 1188 2259 ut
1231 2231 1291 2272 ep.
1327 2219 1363 2273 I,
1395 2219 1440 2274 2,
1475 2220 1519 2273 13

144 2279 196 2319 ih.
228 2277 301 2332 103
341 2279 369 2332 I,
397 2279 436 2333 6,
463 2279 490 2321 3
525 2276 636 2335 (nam
668 2280 733 2321 hic
767 2293 927 2333 quoque
959 2280 1103 2319 faciem
1141 2279 1419 2331 intellegamus
1450 2293 1520 2320 ne-

145 2351 258 2379 cesse
293 2344 372 2392 est,
413 2353 532 2392 quam
564 2340 783 2393 Eutropius
815 2340 882 2380 ille
922 2340 1095 2380 sordidis
1128 2338 1319 2392 operibus
1358 2342 1521 2380 rusticis

147 2399 307 2439 deditus
333 2401 454 2439 nimis
481 2397 696 2456 neglegit),
729 2402 898 2441 fortasse
928 2402 1047 2441 etiam
1067 2399 1145 2453 VII,
1165 2398 1205 2453 2,
1227 2398 1264 2440 7.
1316 2399 1372 2440 Cf.
1400 2402 1520 2441 etiam
