1592 2612
303 113 534 154 SIDONIUS
561 114 846 153 CLAUDIANO
874 115 967 152 SUO
995 114 1239 152 SALUTEM.
1410 115 1467 158 75

73 219 270 261 adversus
303 231 413 273 eum,
453 231 574 271 quem
607 222 747 259 contra
779 217 973 271 loquitur,
1017 222 1191 271 exertat,
1227 229 1388 258 morum
1420 230 1466 258 ac

74 280 304 322 studiorum
341 279 502 332 linguae
540 281 755 332 utriusque
788 278 1010 331 symbolam
1042 280 1131 318 iure
1165 278 1245 319 sibi
1276 278 1464 318 vindicat.

73 342 202 382 sentit
232 345 278 381 ut
302 340 547 394 Pythagoras
580 340 724 380 dividit
749 343 795 379 ut
821 339 1021 393 Socrates,
1055 338 1229 392 explicat
1254 344 1300 379 ut
1324 338 1466 391 Platon

75 401 258 456 implicat
294 406 340 442 ut
370 400 628 454 Aristoteles,
669 405 713 440 ut
744 400 966 440 Aeschines
1005 399 1212 440 blanditur
1243 405 1289 440 ut
1320 399 1465 440 Demo-

75 463 241 503 sthenes
266 463 471 516 irascitur,
496 467 638 502 vernat
662 465 707 501 ιιι
732 460 975 501 Hortensius
1003 465 1159 501 aestuat
1184 466 1230 501 ut
1250 460 1465 514 Cethegus,
1503 475 1521 502 5

75 524 219 564 incitat
254 527 300 563 ut
338 522 460 563 Curio
499 527 680 563 moratur
718 526 763 562 ut
799 521 966 575 Fabius,
1010 521 1173 562 simulat
1210 526 1255 562 ut
1294 521 1465 562 Crassus

73 583 305 624 dissimulat
335 587 381 624 ut
413 583 578 637 Caesar,
611 582 753 623 suadet
784 587 830 622 ut
862 582 959 623 Cato
993 582 1202 623 dissuadet
1234 587 1279 623 ut
1311 582 1464 636 Appius

74 644 293 698 persuadet
334 649 380 684 ut
416 643 584 685 Tullius.
651 643 688 684 7.
727 645 807 683 iam
846 644 880 683 si
923 643 971 683 ad
1011 648 1290 684 sacrosanctos
1327 648 1465 696 patres

75 717 150 759 pro
178 706 477 758 comparatione
504 706 702 758 veniatur,
728 705 896 744 instruit
921 709 967 744 ut
991 703 1262 757 Hieronymus
1290 704 1465 744 destruit

76 770 121 807 ut
146 764 380 806 Lactantius
414 765 588 806 adstruit
619 770 665 805 ut
690 765 953 819 Augustinus,
986 765 1182 805 attollitur
1214 770 1260 805 ut
1285 764 1463 805 Hilarius
1485 780 1520 806 ιο

77 827 345 867 summittitur
375 831 422 867 ut
446 826 657 880 Iohannes,
691 831 734 866 ut
760 825 933 866 Basilius
967 827 1135 879 corripit
1166 831 1212 866 ut
1242 825 1463 878 Gregorius

74 887 327 941 consolatur,
370 893 415 927 ut
460 886 630 927 Orosius
675 887 805 927 affluit
848 891 894 926 ut
931 886 1101 927 Rufinus
1142 887 1375 940 stringitur,
1419 891 1465 926 ut

73 947 276 989 Eusebius
316 952 454 988 narrat
486 952 530 988 ut
562 947 788 988 Eucherius
822 946 1029 1001 sollicitat,
1067 952 1112 987 ut
1144 946 1337 987 Paulinus
1370 959 1462 999 pro-

73 1014 188 1049 vocat
225 1013 271 1049 ut
308 1008 545 1049 Ambrosius
585 1013 830 1061 perseverat.
895 1006 933 1049 8.
973 1009 1052 1047 iam
1091 1020 1187 1048 vero
1227 1007 1276 1048 de
1313 1007 1462 1060 hymno

73 1074 143 1110 tuo
177 1070 212 1109 si
242 1074 484 1122 percontere
517 1069 613 1122 quid
647 1070 837 1122 sentiam,
870 1070 1133 1109 commaticus
1167 1073 1229 1108 est
1261 1069 1462 1121 copiosus,
1483 1083 1518 1110 15

73 1130 204 1171 dulcis
242 1129 371 1170 elatus
409 1135 450 1170 et
488 1129 691 1183 quoslibet
729 1129 876 1182 lyricos
909 1128 1185 1182 dithyrambos
1218 1130 1461 1169 amoenitate

72 1192 233 1244 poetica
264 1195 305 1231 et
335 1190 530 1231 historica
561 1192 728 1230 veritate
763 1191 1051 1243 supereminet.
1115 1190 1237 1243 idque
1270 1195 1387 1230 tuum
1419 1191 1461 1229 in

73 1250 141 1291 illo
173 1250 390 1305 peculiare,
423 1251 531 1304 quod
559 1253 729 1291 servatis
755 1256 981 1291 metrorum
1006 1250 1178 1304 pedibus
1205 1251 1356 1304 pedum
1382 1250 1461 1303 syl-

72 1311 175 1352 labis
202 1311 525 1365 syllabarumque
552 1313 707 1352 naturis
734 1313 841 1352 intra
868 1313 988 1365 spatii
1015 1313 1079 1352 sui
1098 1313 1319 1352 terminum
1339 1311 1460 1351 verba

73 1372 172 1413 ditia
210 1385 351 1413 versus
389 1385 544 1426 pauper
581 1372 752 1413 includit
790 1385 866 1413 nec
898 1374 1017 1412 artati
1055 1374 1247 1413 carminis
1283 1372 1460 1412 brevitas
1481 1388 1516 1414 20

73 1432 368 1486 longitudinem
405 1433 603 1486 phalerati
642 1435 840 1473 sermonis
879 1433 1077 1487 eliminat3
1123 1435 1178 1473 ita
1222 1433 1298 1473 tibi
1343 1433 1459 1473 facile

74 1493 181 1534 iactu
206 1498 269 1534 est
294 1495 463 1534 minutis
490 1493 691 1534 trochaeis
710 1493 1080 1546 minutioribusque
1106 1494 1352 1547 pyrrhichiis
1378 1506 1460 1534 non

73 1553 205 1594 solum
230 1553 465 1594 molossicas
492 1555 848 1607 anapaesticasque
875 1556 1074 1594 ternarias
1102 1555 1174 1594 sed
1200 1556 1460 1607 epitritorum

72 1616 195 1655 etiam
221 1627 502 1667 paeonumque
530 1619 747 1667 quaternas
774 1616 1037 1667 supervenire
1064 1616 1286 1655 iuncturas.
1324 1613 1362 1655 9.
1391 1628 1457 1655 ex-

73 1677 221 1716 crescit
246 1675 467 1728 amplitudo
492 1674 696 1728 proloquii
722 1676 928 1728 angustias
955 1675 1161 1728 regulares
1188 1680 1228 1715 et
1254 1667 1458 1728 tamquain
1478 1690 1513 1716 25

71 1748 195 1789 parvo
228 1748 327 1776 auro
360 1736 523 1788 grandis
556 1748 712 1788 gemma
745 1737 811 1775 vix
844 1737 1002 1788 capitur
1034 1737 1259 1788 emicatque
1292 1741 1337 1776 ut
1363 1738 1458 1789 equi

71 1798 250 1850 potentis
282 1797 530 1850 animositas,
563 1797 629 1837 cui
661 1797 862 1850 frementi,
896 1798 928 1835 si
963 1798 1070 1836 inter
1102 1801 1244 1849 tesqua
1273 1796 1336 1836 vel
1362 1809 1457 1837 con-

72 1857 183 1910 fraga
221 1857 431 1897 frenorum
463 1856 551 1910 lege
584 1862 788 1911 teneatur,
830 1856 1032 1909 intellegis
1064 1869 1146 1896 non
1178 1862 1259 1897 tam
1292 1870 1458 1898 cursum

72 1917 214 1958 deesse
242 1930 361 1971 quam
388 1930 584 1971 campum.
632 1918 727 1971 quid
755 1915 924 1958 multis?
963 1917 1116 1968 arbitro
1136 1930 1201 1957 me
1221 1919 1263 1957 in
1284 1923 1456 1970 utroque

70 1990 219 2030 genere
264 1978 426 2018 dicendi
470 1991 545 2018 nec
583 1978 761 2018 Athenae
808 1980 865 2018 sic
904 1978 1059 2018 Atticae
1104 1991 1179 2018 nec
1218 1978 1354 2018 Musae
1398 1980 1456 2019 sic
1477 1994 1512 2020 ao

7 2045 14 2053 '
71 2040 250 2079 musicae
284 2038 588 2093 iudicabuntur,
627 2040 662 2078 si
694 2039 813 2079 modo
846 2039 947 2079 mihi
979 2038 1041 2078 vel
1074 2038 1268 2079 censendi
1300 2040 1456 2092 copiam

71 2098 225 2139 desidia
263 2099 422 2152 longior
463 2112 544 2139 non
584 2099 745 2139 ademit.
808 2112 901 2139 nam
941 2099 1035 2139 dum
1076 2100 1259 2152 inpactae
1300 2099 1455 2152 profes-

71 2160 199 2200 sionis
231 2159 399 2200 obtentu
431 2172 579 2200 novum
607 2159 812 2200 scribendi
838 2172 993 2200 morem
1020 2160 1217 2212 gradatim
1243 2164 1388 2213 appeto
1416 2166 1456 2200 et

71 2224 249 2260 veterem
289 2219 493 2260 saltuatim
531 2219 715 2274 dedisco,
757 2220 805 2260 de
844 2220 949 2260 bono
990 2225 1148 2260 oratore
1187 2219 1243 2260 nil
1282 2220 1454 2274 amplius

168 2365 189 2396 3
215 2360 326 2396 Plato
353 2361 404 2396 M
409 2360 482 2397 TC
495 2361 508 2406 ΙΙ
533 2364 578 2395 22
606 2362 645 2396 et
670 2359 940 2396 minutioribus
971 2359 1003 2396 Ο
1022 2360 1034 2405 ΙΙ
1061 2364 1108 2395 24
1134 2361 1340 2406 quaternas
1368 2362 1413 2398 N
1424 2362 1460 2398 V

71 2407 208 2455 MOT,
236 2410 486 2455 quaternatas
514 2409 550 2444 L
568 2411 580 2455 11
600 2413 646 2445 28
673 2420 825 2444 cursum
851 2420 1004 2444 cursum
1031 2409 1066 2444 L
1084 2410 1097 2455 ss
