1592 2612
152 110 240 153 140
620 104 768 142 LIBER
794 101 1050 141 SEPTIMUS.

149 211 268 251 modo
301 220 467 250 scaenae
498 208 704 247 moenium
729 205 984 259 publicorum
1010 202 1168 244 crebris
1193 206 1327 243 terrae
1353 201 1534 243 motibus

151 269 499 323 concutiebantur3
531 280 638 308 nunc
670 268 785 319 ignes
819 277 938 318 saepe
971 264 1164 304 flammati
1190 262 1363 303 caducas
1390 261 1533 304 culmi-

150 343 248 371 num
280 332 422 370 cristas
449 329 676 381 superiecto
709 325 932 366 favillarum
959 329 1095 364 monte
1121 322 1392 378 tumulabant3
1422 335 1532 364 nunc

152 390 347 444 stupenda
384 390 470 429 foro
510 387 656 428 cubilia
695 386 916 427 collocabat
953 385 1164 425 audacium
1202 383 1383 437 pavenda
1420 395 1534 424 man-

114 462 132 490 5
153 451 321 491 suetudo
355 461 584 489 cervorum:
622 460 713 488 cum
751 452 796 487 tu
834 448 942 486 inter
979 447 1056 485 ista
1089 445 1274 485 discessu
1306 445 1533 497 primorum

150 511 484 564 populariumque
518 514 623 549 statu
662 507 775 548 urbis
809 508 1014 547 exinanito
1054 505 1103 546 ad
1141 518 1244 545 nova
1282 504 1390 545 celer
1424 510 1534 546 vete-

151 584 241 612 rum
273 570 540 610 Ninivitarum
579 568 761 621 exempla
800 567 1038 620 decurristi,
1076 578 1127 607 ne
1161 565 1320 606 divinae
1353 565 1535 606 admoni-

150 633 251 671 tioni
282 636 349 671 tua
383 642 543 683 quoque
575 629 803 682 desperatio
835 629 1143 668 conviciaretur.
1187 625 1228 668 4.
1261 631 1303 667 et
1333 638 1428 667 vere
1454 627 1536 667 iam

151 692 200 731 de
239 692 312 731 deo
350 696 395 731 tu
426 691 593 730 minime
631 694 793 742 poteras
826 688 977 741 absque
1016 691 1182 740 peccato
1214 691 1308 741 post
1338 688 1536 728 virtutum

100 764 134 790 ιο
153 753 427 804 experimenta
459 750 654 790 diffidere.
705 761 798 789 nam
831 762 923 789 cum
954 749 1041 788 vice
1075 747 1247 801 quadam
1273 748 1413 788 civitas
1440 759 1536 789 con-

151 812 319 864 flagrare
353 812 570 864 coepisset,
602 810 702 850 fides
734 815 803 850 tua
836 811 878 849 in
910 808 979 849 illo
1012 808 1157 849 ardore
1189 808 1282 862 plus
1314 807 1455 863 caluit3
1495 813 1537 849 et

152 885 243 912 cum
275 874 317 912 in
350 876 569 924 conspectu
601 871 766 923 pavidae
798 869 929 923 plebis
963 868 1125 909 obiectu
1151 868 1237 909 solo
1264 870 1448 922 corporis
1473 870 1536 910 tui

151 934 257 984 ignis
283 945 473 972 recussus
499 934 542 971 in
562 937 721 983 tergum
747 931 925 983 fugitivis
946 929 1118 970 flexibus
1140 931 1385 984 sinuaretur,
1410 931 1536 970 mira-

153 992 241 1032 culo
273 992 447 1032 terribili
478 1004 579 1032 novo
612 993 815 1031 invisitato
845 991 959 1031 affuit
990 990 1174 1030 flammae
1201 990 1347 1031 cedere
1372 1002 1448 1044 per
1471 1002 1536 1031 re-

99 1064 133 1091 15
152 1054 385 1107 verentiam,
419 1054 485 1093 cui
517 1053 668 1092 sentire
701 1052 830 1092 defuit
861 1064 934 1105 per
966 1055 1163 1091 naturam.
1223 1048 1264 1092 5.
1297 1051 1423 1104 igitur
1452 1051 1538 1104 pri-

152 1125 263 1152 mum
289 1114 420 1153 nostri
446 1112 599 1153 ordinis
627 1114 725 1152 viris
752 1117 791 1152 et
815 1112 880 1152 his
905 1113 1046 1165 paucis
1066 1111 1213 1151 indicis
1239 1112 1391 1152 ieiunia
1411 1112 1537 1152 inter-

153 1173 254 1213 dicis
282 1173 442 1227 ssagitia,
469 1172 665 1226 supplicia
691 1173 892 1225 praedicis
918 1172 1097 1213 remedia
1116 1173 1341 1226 promittis3
1367 1173 1540 1225 exponis

154 1233 339 1273 omnibus
371 1246 446 1273 nec
477 1246 648 1286 poenam
678 1233 938 1286 longinquam
971 1245 1061 1273 esse
1093 1245 1169 1273 nec
1200 1234 1377 1286 veniam3
1416 1232 1540 1273 doces

154 1293 410 1334 denuntiatae
453 1294 680 1334 solitudinis
724 1295 853 1333 minas
898 1295 1127 1334 orationum
1171 1293 1402 1346 frequentia
1445 1305 1538 1334 esse

101 1369 135 1395 20
155 1353 421 1408 amoliendas;
453 1367 594 1394 mones
626 1354 904 1401 assiduitatem
936 1355 1109 1394 furentis
1136 1353 1316 1394 incendii
1335 1365 1439 1406 aqua
1463 1366 1535 1407 po·

120 1444 122 1446 -
154 1416 236 1454 tius
269 1414 476 1454 oculorum
510 1427 628 1467 quam
660 1414 872 1455 fluminum
897 1427 1017 1468 posse
1044 1415 1261 1468 restingui3
1293 1426 1434 1454 mones
1460 1415 1535 1454 mi-

155 1487 295 1514 nacem
331 1480 462 1514 terrae
494 1480 677 1515 motuum
709 1475 1049 1516 conflictationem
1086 1475 1182 1515 fidei
1215 1474 1432 1515 stabilitate
1465 1475 1536 1514 fir-

154 1535 350 1575 mandam.
405 1533 443 1575 6.
477 1537 592 1575 cuius
620 1536 833 1576 confestim
859 1548 1011 1589 sequax
1037 1535 1202 1575 humilis
1228 1535 1348 1575 turba
1375 1534 1539 1576 consilii

155 1595 374 1635 maioribus
417 1608 575 1648 quoque
618 1598 702 1636 suis
741 1597 817 1636 fuit
854 1597 1134 1646 incitamento,
1180 1608 1281 1649 quos
1326 1608 1420 1636 cum
1456 1607 1539 1636 non

103 1669 137 1696 25
156 1656 354 1707 piguisset
385 1656 542 1710 fugere,
580 1657 715 1696 redire
748 1669 829 1696 non
867 1657 1023 1710 puduit.
1088 1669 1166 1709 qua
1204 1656 1417 1696 devotione
1454 1656 1540 1710 pla-

157 1720 267 1755 catus
307 1717 512 1768 inspector
556 1722 767 1768 pectorum
805 1717 904 1757 deus
948 1718 1045 1757 fecit
1089 1729 1180 1757 esse
1219 1715 1541 1757 obsecrationem

156 1781 329 1815 vestram
361 1776 473 1816 vobis
507 1776 638 1831 saluti,
671 1779 817 1817 ceteris
850 1779 1079 1832 imitationi,
1111 1778 1295 1830 utrisque
1322 1777 1540 1830 praesidio.

158 1836 331 1888 denique
363 1836 446 1876 illic
479 1837 671 1889 deinceps
703 1850 785 1877 non
816 1838 930 1878 fuere
963 1838 1026 1878 vel
1058 1838 1203 1878 damna
1229 1836 1446 1878 calamitati
1476 1837 1541 1877 vel

157 1901 313 1936 ostenta
351 1896 568 1936 formidini.
632 1910 733 1949 quae
773 1900 907 1938 omnia
940 1900 1072 1938 sciens
1104 1897 1278 1952 populus
1312 1899 1389 1938 iste
1421 1898 1540 1938 Vien-

103 1970 139 1996 30
157 1956 352 1996 nensibus
383 1958 464 1996 tuis
492 1962 532 1996 et
558 1958 752 1998 accidisse
778 1960 891 2010 prius
919 1963 960 1998 et
985 1971 1066 1999 non
1094 1960 1315 1999 accessisse
1334 1959 1542 2012 posterius

158 2018 325 2069 vestigia
357 2021 439 2056 tam
466 2023 743 2058 sacrosanctae
776 2019 1074 2060 informationis
1101 2018 1368 2072 amplectitur,
1401 2018 1543 2060 sedulo

257 2147 275 2179 1
304 2146 480 2190 scaenae]
501 2144 664 2190 pinnae?
690 2146 895 2182 Mommsen
904 2161 914 2188 ‚·
939 2148 1002 2183 sed
1022 2148 1068 2193 cf.
1091 2147 1296 2195 Symmach.
1318 2159 1358 2193 p.
1377 2148 1469 2192 327,
1489 2149 1544 2184 20

161 2193 231 2235 (ed.
252 2192 375 2236 Seeck)
403 2192 574 2228 succedit
599 2204 738 2229 scaena
763 2206 957 2230 murorum
978 2224 985 2232 .
1008 2224 1015 2231 .
1039 2224 1046 2232 .
1068 2195 1227 2231 declivis
1253 2200 1288 2232 et
1311 2195 1479 2240 Bonna,
1510 2195 1543 2232 le

161 2240 224 2276 lat.
257 2242 300 2277 de
329 2241 436 2288 Gre'y.
465 2242 499 2277 d.
529 2242 571 2278 T.
599 2253 640 2288 p.
661 2244 755 2286 213,
776 2246 796 2277 1
836 2244 848 2287 ΙΙ
886 2246 907 2278 2
935 2244 1067 2291 saepe]
1101 2255 1190 2290 sepe
1224 2244 1328 2280 codd.
1337 2271 1350 2288 ,
1387 2242 1542 2289 sulpure

160 2287 399 2333 Luetjohann
418 2291 430 2335 1Ῑ
451 2292 496 2324 14
521 2288 720 2325 invisitato
747 2290 897 2336 Haupt,
920 2290 1108 2327 inusitato
1134 2293 1239 2329 codd.
1265 2293 1279 2338 ΙΙ
1306 2294 1350 2327 15
1375 2290 1542 2337 primum

159 2334 279 2381 igitur
301 2337 357 2382 011
378 2341 422 2372 16
448 2337 571 2372 nostri
596 2349 710 2383 usque
735 2340 786 2374 ad
810 2338 954 2374 ieiunia
979 2342 1022 2376 in
1046 2351 1120 2377 ras.
1142 2341 1206 2377 M2
1228 2342 1232 2386 1
1256 2342 1295 2376 et
1320 2339 1380 2376 his
1407 2338 1542 2386 paucis

164 2384 288 2420 nostri
315 2384 458 2420 ordinis
484 2385 575 2420 viris
606 2386 680 2421 CF
698 2387 710 2432 Η
731 2390 775 2422 19
803 2397 884 2423 esse
911 2399 977 2424 om.
1002 2389 1032 2425 C
1046 2390 1059 2435 ss
