1592 2612
0 34 14 43 ,Δ
28 39 31 41 ³
107 32 111 35 ‚
133 35 138 38 '
206 36 212 41 ,x
243 31 247 36 ,

185 137 415 177 SIDONIUS
439 137 638 176 DOMINO
663 136 826 174 PAPAE
852 135 1052 175 GRAECO
1079 136 1324 175 SALUTEM.
1379 135 1466 180 151

75 242 255 296 propriis
279 240 459 281 hostium
477 239 735 294 publicorum
755 252 866 280 arma
892 239 1100 280 remorati
1113 243 1225 294 sunt3
1252 240 1319 280 cui
1345 251 1468 292 saepe

75 300 226 356 populo
263 300 418 342 Gothus
462 313 544 341 non
588 301 665 341 fuit
707 300 844 341 clauso
888 302 996 340 intra
1039 298 1200 340 moenia
1245 299 1468 353 formidini,

75 373 169 404 cum
194 363 378 403 vicissim
402 363 490 415 ipse
519 362 637 402 fieret
661 360 1011 415 oppugnatoribus
1035 362 1181 414 positis
1200 362 1308 401 intra
1334 365 1468 401 castra

76 423 235 464 terrori.
290 422 335 463 hi
365 427 472 477 sunt,
510 423 581 475 qui
620 421 700 462 sibi
730 422 924 462 adversus
956 423 1184 461 vicinorum
1223 423 1352 462 aciem
1382 426 1467 462 tam

76 483 201 540 duces
231 483 346 524 fuere
378 495 500 535 quam
530 482 699 537 milites3
735 483 785 523 de
818 495 993 535 quorum
1023 488 1160 522 tamen
1193 486 1302 522 sorte
1335 486 1467 522 certa-
1504 492 1523 519 ⁵

75 545 232 594 minum
263 545 299 584 si
331 543 429 596 quid
460 550 703 597 prosperum
736 544 871 597 cessit,
903 555 974 583 vos
1001 542 1180 583 secunda
1206 541 1333 583 solata
1359 547 1467 597 sunt,

76 606 114 645 si
157 604 255 658 quid
300 606 568 658 contrarium,
611 604 703 644 illos
740 604 908 644 adversa
946 604 1167 656 fregerunt.
1230 603 1290 643 illi
1328 615 1466 644 amore

74 664 322 718 reipublicae
342 664 583 706 Seronatum
609 664 793 705 barbaris
818 665 1048 717 provincias
1074 665 1359 717 propinantem
1383 676 1468 704 non

73 727 299 779 timuerunt
330 724 490 778 legibus
521 725 701 779 tradere,
737 737 860 778 quem
891 726 1122 765 convictum
1153 724 1346 777 deinceps
1378 737 1466 765 res-

72 783 246 839 publica*
266 788 333 826 vix
370 787 643 839 praesumpsit
681 785 880 826 occidere.
943 784 983 826 3.
1016 785 1185 826 hoccine
1223 790 1465 826 meruerunt
1485 799 1521 825 lo

26 846 30 848 ’
72 848 212 900 inopia
242 846 416 901 flamma,
448 847 602 887 ferrum
634 846 878 901 pestilentia,
909 848 1082 899 pingues
1115 845 1307 886 caedibus
1340 845 1465 898 gladii

74 912 117 947 et
147 909 276 947 macri
306 908 472 948 ieiuniis
503 905 799 961 proeliatores?
830 912 999 960 propter
1029 907 1152 947 huius
1184 911 1267 946 tam
1299 906 1463 947 inclitae

71 969 186 1020 pacis
231 969 552 1021 expectationem
596 967 753 1008 avulsas
797 967 1023 1008 muralibus
1067 969 1184 1007 rimis
1227 966 1375 1007 herbas
1421 969 1464 1007 in

47 1022 211 1082 'cibum
242 1030 452 1082 traximus,
490 1028 634 1069 crebro
666 1040 741 1082 per
771 1029 1042 1080 ignorantiam
1073 1029 1283 1068 venenatis
1315 1029 1464 1080 grami-

72 1088 194 1129 nibus
232 1088 390 1144 infecti‚
434 1102 538 1142 quae
582 1089 815 1129 indiscretis
858 1088 965 1128 foliis
1010 1090 1202 1141 sucisque
1248 1088 1462 1128 viridantia
1484 1101 1519 1128 15

70 1161 193 1202 saepe
224 1161 369 1190 manus
407 1150 511 1190 fame
550 1149 742 1190 concolor
778 1146 905 1202 legit?
948 1161 1022 1202 pro
1062 1150 1126 1189 his
1165 1153 1225 1189 tot
1257 1150 1463 1202 tantisque

68 1209 297 1251 devotionis
317 1212 607 1263 experimentis
627 1211 770 1264 nostri,
802 1214 997 1263 quantum
1018 1210 1150 1264 audio,
1177 1210 1281 1250 saeta
1307 1211 1463 1250 iactura

43 1268 164 1311 est?
224 1267 266 1311 4.
298 1270 448 1324 pudeat
479 1283 568 1325 vos,
600 1283 832 1325 precamur,
870 1263 998 1311 huius
1024 1270 1201 1310 foederis
1239 1283 1316 1311 nec
1348 1269 1462 1310 utilis

70 1343 147 1371 nec
179 1330 328 1372 decori.
385 1344 460 1384 per
491 1344 561 1371 vos
594 1331 816 1384 legationes
848 1336 1002 1385 meant;
1036 1331 1149 1371 vohis
1176 1332 1355 1384 primum
1383 1343 1462 1384 pax

69 1404 316 1444 quamquam
347 1393 531 1445 principe
563 1391 730 1432 absente
768 1404 851 1431 non
884 1391 1015 1432 solum
1046 1396 1216 1432 tractata
1253 1395 1462 1432 reseratur
1481 1405 1518 1431 20

70 1448 368 1492 verumetiam
399 1452 608 1492 tractanda
648 1453 924 1492 committitur.
987 1451 1201 1492 veniabilis
1235 1453 1306 1506 sit,
1339 1464 1462 1505 quae-

69 1524 226 1566 sumus,
258 1511 363 1565 apud
396 1525 515 1553 aures
548 1517 703 1552 vestras
735 1513 917 1552 veritatis
950 1514 1160 1566 asperitas,
1192 1514 1259 1552 cui
1288 1514 1463 1553 convicii

69 1573 263 1613 invidiam
295 1571 409 1612 dolor
447 1574 579 1626 eripit.
642 1585 787 1625 parum
819 1574 862 1612 in
894 1585 1107 1613 commune
1140 1572 1370 1627 consulitis3
1409 1578 1462 1626 et,

68 1645 165 1674 cum
196 1635 239 1673 in
272 1632 490 1673 concilium
522 1635 759 1687 convenitis,
791 1645 873 1673 non
903 1638 986 1673 tam
1018 1645 1139 1673 curae
1166 1632 1344 1686 publicis
1376 1645 1462 1673 me-

68 1694 161 1734 deri
190 1693 386 1747 periculis
420 1706 540 1747 quam
571 1695 739 1746 privatis
766 1693 931 1734 studere
957 1693 1150 1747 fortunis3
1184 1693 1292 1746 quod
1317 1695 1460 1746 utique
1481 1707 1517 1733 25

68 1767 191 1808 saepe
233 1754 383 1807 diuque
426 1755 619 1795 facientes
661 1755 741 1794 iam
780 1766 861 1794 non
898 1755 1023 1807 primi
1060 1753 1462 1807 comprovincialium

69 1816 263 1869 coepistis
296 1827 399 1869 esse,
432 1815 503 1855 sed
535 1814 679 1855 ultimi.
744 1812 783 1856 5.
817 1819 857 1855 at
889 1826 1101 1868 quousque
1134 1816 1236 1854 istae
1269 1818 1463 1867 poterunt

69 1875 217 1916 durare
250 1873 523 1929 praestigiae?
568 1887 649 1915 non
682 1877 792 1915 enirn
824 1875 976 1915 diutius
1009 1876 1090 1928 ipsi
1121 1876 1296 1915 maiores
1329 1875 1463 1915 nostri

68 1935 147 1977 hoc
178 1937 341 1976 nomine
375 1935 672 1990 gloriabuntur,
710 1937 782 1988 qui
819 1937 999 1976 minores
1037 1937 1240 1988 incipiunt
1277 1947 1359 1975 non
1390 1935 1460 1976 ha-

68 1996 178 2037 bere.
243 2002 489 2050 quapropter
521 1996 583 2036 vel
616 1996 803 2050 consilio,
843 2009 922 2049 quo
954 1997 1143 2050 potestis,
1183 2000 1332 2036 statum
1364 2007 1459 2036 con·
1479 2009 1517 2036 30

66 2057 231 2097 cordiae
263 2062 346 2097 tam
377 2058 508 2109 turpis
541 2056 720 2097 incidite.
783 2057 931 2110 adhuc,
971 2058 1006 2097 si
1038 2069 1204 2097 necesse
1238 2061 1312 2110 est,
1352 2055 1459 2097 obsi-

70 2117 177 2171 deri,
222 2117 352 2158 adhuc
396 2129 594 2171 pugnare,
646 2117 776 2158 adhuc
822 2119 979 2158 esurire
1025 2117 1208 2157 delectat.
1284 2118 1319 2156 si
1363 2129 1460 2157 vero

68 2178 281 2232 tradimur,
314 2179 384 2231 qui
416 2190 498 2218 non
523 2179 728 2230 potuimus
755 2177 910 2218 viribus
936 2177 1123 2231 obtineri,
1157 2178 1361 2218 invenisse
1387 2190 1458 2218 vos

169 2286 213 2318 12
240 2283 323 2317 tam
348 2282 602 2327 Luetjohann,
626 2283 758 2318 tamen
783 2283 887 2319 codd.
908 2284 920 2328 ΙΙ
944 2286 985 2317 17
1012 2280 1137 2317 nostri
1161 2282 1284 2328 vulqo,
1314 2281 1458 2318 nostris

65 2331 174 2367 codd.
212 2333 224 2377 ss
262 2334 309 2366 20
334 2331 554 2366 reserantur
586 2333 627 2370 (n
657 2342 750 2367 eras.
774 2330 945 2377 M¹)MG¹
977 2332 990 2374 ΙΙ
1027 2333 1072 2365 21
1101 2329 1353 2366 comittuntur
1380 2330 1413 2367 G
1446 2349 1456 2363 a

69 2382 116 2414 22
143 2379 251 2415 cuius
279 2378 359 2415 OF
380 2380 392 2424 ΙΙ
419 2382 464 2414 24
490 2378 654 2415 concilio
682 2382 791 2424 (corr.
818 2381 861 2415 in
893 2378 1098 2415 concilium
1126 2378 1261 2425 M1)M
1266 2378 1319 2425 01
1343 2390 1458 2415 curae

70 2429 132 2463 est
161 2427 294 2474 Fuee
321 2426 507 2463 facientes
534 2426 674 2472 diuque
703 2427 826 2474 01127
855 2428 912 2474 at]
941 2429 1008 2480 aut
1035 2426 1147 2472 Mon
