1592 2612
575 98 787 137 CARMEN
810 98 947 137 XXIH.
1363 101 1456 146 345

285 213 359 242 seu
389 206 531 254 raptus
561 201 706 255 Tyrios
736 201 953 255 Iovemque
984 206 1148 243 taurum

285 266 422 315 spreto
453 261 621 302 fulmine
652 262 786 303 fronte
816 262 909 316 plus
941 263 1184 318 timendum3

287 334 361 363 seu
390 324 518 364 turris
549 322 706 363 Danaae
738 323 917 364 refertur
947 323 1049 377 illic,

284 395 379 424 cum
408 382 580 424 multum
610 383 747 437 pluvio
778 385 904 436 rigata
939 397 1064 424 censu
1096 390 1176 439 est,

189 451 260 486 285
286 443 387 485 dans
417 442 509 497 plus
536 457 658 485 aurea
690 444 796 485 furta
829 457 950 497 quam
982 444 1159 499 metalla3

284 516 358 545 seu
388 504 536 545 Ledam
571 506 662 558 quis
694 506 777 558 agit
807 504 1087 558 Phrygemque
1121 505 1323 559 ephebum

287 570 428 618 aptans
460 565 510 606 ad
542 566 707 619 cyathos
739 565 835 606 facit
865 565 1039 606 Tonanti

285 637 382 666 suco
414 628 591 666 nectaris
623 638 713 666 esse
746 625 987 681 dulciorem3

285 698 359 727 seu
389 685 556 727 Martem
590 686 753 727 simulat
782 687 902 727 modo
934 689 978 727 in
1010 692 1172 727 catenas

187 754 258 788 290
284 748 456 788 missum
487 746 740 801 Lemniacas,
772 747 892 788 modo
919 752 987 788 aut
1018 747 1182 801 repulso

283 807 456 848 formam
486 809 660 861 imponit
691 809 779 861 apri
811 812 1013 861 caputque
1046 810 1168 848 saetis

283 872 325 908 et
355 873 516 921 tergum
547 874 708 922 asperat
738 869 991 922 hispidisque
1022 868 1140 909 malis

284 928 371 969 leve
403 929 588 969 incurvat
619 928 740 983 ebur,
772 929 835 970 vel
866 929 933 969 ille
966 931 1082 982 fingit

284 987 433 1029 hirtam
466 989 586 1029 dorsa
617 989 744 1030 feram
776 990 954 1043 repanda
985 990 1065 1030 tela

186 1057 258 1090 295
285 1051 426 1090 attritu
458 1050 620 1091 assiduo
652 1052 997 1105 cacuminantem3

283 1122 357 1151 seu
387 1110 551 1150 Perseia
582 1112 696 1163 virgo
728 1111 927 1152 vindicata

282 1169 367 1211 illic
398 1170 551 1211 luditur
582 1171 708 1225 harpe
740 1171 957 1226 coniugali3

284 1243 356 1272 seu
388 1231 496 1284 quod
529 1233 721 1272 carminis
754 1237 874 1285 atque
906 1231 1132 1273 fabularum

284 1291 421 1332 clausa
452 1292 502 1332 ad
533 1292 727 1345 Pergama
759 1293 826 1333 dat
857 1292 1028 1333 bilustre
1061 1293 1225 1334 bellum.

186 1359 258 1392 300
284 1352 382 1405 quid
413 1352 545 1393 dicam
577 1353 863 1407 citharistrias,
896 1353 1126 1408 choraulas,

281 1413 447 1466 mimos,
479 1413 790 1467 schoenobatas,
822 1413 1048 1466 gelasianos

283 1485 451 1527 cannas,
482 1472 654 1527 plectra,
686 1475 816 1527 iocos,
848 1473 985 1527 palen,
1016 1474 1231 1515 rudentem

284 1545 421 1573 coram
452 1538 493 1573 te
526 1533 777 1587 trepidanter
809 1532 1045 1587 explicare?

282 1606 375 1634 nam
409 1593 663 1634 circensibus
694 1596 782 1647 ipse
815 1599 965 1647 quanta
996 1594 1103 1635 ludis

188 1662 259 1695 305
285 1655 415 1694 victor
446 1656 622 1706 gesseris
653 1656 862 1695 intonante
893 1654 1037 1709 Roma,

283 1714 429 1755 laetam
460 1727 534 1767 par
565 1715 641 1755 suit
672 1727 837 1755 exarare
870 1715 1036 1756 Musam.

344 1775 462 1815 lanus
495 1775 598 1815 forte
632 1788 725 1816 suas
757 1775 912 1816 bifrons
944 1775 1143 1817 Kalendas

283 1837 378 1875 anni
410 1840 592 1888 tempora
624 1837 847 1876 circinante
879 1835 1041 1876 Phoebo

283 1895 501 1936 sumendas
533 1895 735 1936 referebat
767 1896 815 1936 ad
848 1896 1022 1937 curules.

186 1965 257 1998 310
283 1968 371 1996 mos
405 1961 468 1996 est
500 1955 685 1997 Caesaris
716 1957 781 1997 hic
815 1956 880 1997 die
912 1957 975 1997 bis
1008 1969 1090 1997 uno

283 2012 480 2073 (privatos
514 2012 708 2073 vocitant)
740 2029 882 2070 parare
915 2016 1044 2058 ludos.

282 2082 379 2117 tunc
412 2082 553 2117 coetus
584 2078 793 2131 iuvenum,
826 2077 896 2118 sed
930 2078 1154 2119 aulicorum

283 2137 370 2177 Elei
404 2136 618 2178 simulacra
650 2143 762 2178 torva
795 2140 927 2191 campi

161 2294 232 2327 300
264 2289 467 2326 choraulas
506 2289 766 2336 Imetjohanm
805 2290 1006 2327 choraules
1046 2290 1252 2337 (coraules)
1294 2292 1399 2329 codd.
1439 2292 1454 2341 ΙΙ

62 2341 135 2375 804
153 2337 258 2375 ludis
276 2339 356 2375 cod.
371 2337 594 2384 Helmstad„
612 2338 738 2375 laudis
755 2339 915 2376 OTPF
931 2341 943 2385 ΙΙ
964 2343 1033 2376 306
1054 2351 1106 2376 απ
1125 2339 1234 2376 fuat?
1260 2341 1308 2385 cf.
1328 2352 1363 2378 v.
1377 2343 1452 2378 435

61 2386 75 2434 Η
99 2390 171 2423 813
196 2388 300 2424 torta
324 2387 557 2433 Buecheleru
