1592 2612
132 122 189 165 58
623 117 770 154 LIBER,
794 114 1011 154 TERTIUS.

779 289 854 332 IV.

413 373 638 410 SIDONIUS
664 371 823 408 FELICI
851 370 942 408 SUO
971 368 1218 407 SALUTEM.

224 451 259 493 1.
293 450 457 491 Gozolas
490 452 651 490 natione
683 450 868 504 Iudaeus,
900 448 1026 489 cliens
1060 446 1247 487 culminis
1279 447 1357 500 tui,
1391 445 1507 486 cuius

130 513 228 554 mihi
267 524 425 565 quoque
458 516 566 551 esset
596 523 768 564 persona
802 509 931 563 cordi,
971 510 1006 549 si
1041 520 1122 548 non
1155 511 1264 548 esset
1296 510 1406 547 secta
1438 505 1507 546 de-

131 575 296 627 spectui,
323 572 452 612 defert
476 571 631 611 litteras
657 583 780 625 meas,
807 583 906 623 quas
932 569 1138 622 granditer
1164 569 1307 608 anxius
1334 567 1506 607 exaravi.

92 651 110 678 5
130 633 320 687 oppidum
365 632 564 684 siquidem
608 637 791 671 nostrum
837 631 951 683 quasi
1003 629 1202 682 quandam
1253 629 1317 669 sui
1367 627 1507 667 limitis

130 694 285 734 obicem
317 692 651 733 circumfusarum
676 691 794 732 nobis
826 692 1007 744 gentium
1033 702 1142 730 arma
1168 689 1404 729 terrificant.
1448 689 1507 728 sic

129 753 376 794 aemulorum
409 752 486 792 sibi
518 754 560 792 in
592 752 724 792 medio
756 753 879 805 positi
910 749 1171 791 lacrimabilis
1203 748 1353 802 praeda
1377 761 1506 802 popu-

130 815 277 868 lorum,
311 815 486 866 suspecti
517 812 891 867 Burgundionibus,
922 812 1098 865 proximi
1131 810 1291 864 Gothis,
1322 821 1398 850 nec
1430 810 1505 849 im-

128 879 375 928 pugnantum
406 876 466 913 ira
497 886 572 913 nec
598 878 922 926 propugnantum
948 884 1132 913 caremus
1159 871 1322 911 invidia.
1366 868 1405 910 2.
1435 868 1506 910 sed

75 952 109 978 ιο
128 937 248 975 istinc
287 934 394 974 alias.
451 935 622 988 interea,
663 935 697 973 si
735 933 797 974 vel
834 946 959 986 penes
998 945 1069 972 vos
1108 937 1218 972 recta
1251 935 1363 985 sunt,
1402 930 1507 970 bene

129 1000 201 1035 est.
246 1007 375 1047 neque
403 996 511 1034 enim
536 992 776 1034 huiusmodi
793 998 956 1046 pectore
982 1005 1133 1046 sumuS,
1159 997 1215 1046 ut,
1242 991 1336 1032 licet
1356 992 1508 1044 apertis

130 1057 208 1108 ipsi
238 1056 380 1108 poenis
412 1059 578 1107 propter
610 1056 826 1094 criminum
859 1053 1014 1094 occulta
1045 1053 1288 1106 plectamur,
1326 1064 1409 1091 non
1441 1051 1505 1104 agi

130 1127 322 1168 prospere
360 1114 422 1154 vel
460 1114 702 1167 ubicumque
744 1114 924 1155 velimus.
988 1126 1082 1153 nam
1128 1118 1284 1153 certum
1326 1116 1387 1152 est
1424 1124 1508 1151 non

130 1177 263 1215 minus
307 1176 495 1214 vitiorum
541 1187 660 1227 quam
703 1175 879 1215 hostium
922 1186 1010 1214 esse
1054 1175 1273 1227 captivum,
1318 1173 1388 1226 qui
1426 1184 1509 1212 non

77 1250 111 1277 15
131 1237 250 1276 etiam
282 1237 387 1275 inter
419 1235 520 1274 mala
552 1240 733 1288 tempora
765 1235 868 1275 bona
901 1240 990 1274 vota
1023 1235 1251 1274 servaverit.
1307 1232 1404 1273 vale.

792 1400 845 1443 V.

385 1483 611 1520 SIDONIUS
636 1483 856 1520 HYPATIO
884 1482 975 1520 SUO
1003 1482 1244 1519 SALUTEM.

224 1559 260 1600 1.
301 1560 343 1600 Si
380 1562 441 1600 vir
480 1560 709 1614 spectabilis
746 1573 984 1613 morumque
1030 1565 1258 1600 vestrorum
1297 1563 1511 1612 suspector

132 1621 426 1674 admiratorque
453 1620 647 1661 Donidius
677 1620 802 1661 solam
828 1623 1025 1661 rationem
1053 1620 1296 1660 domesticae
1322 1619 1510 1660 utilitatis

131 1681 349 1735 habuisset,
379 1683 475 1722 satis
502 1681 739 1734 abundeque
769 1682 973 1722 sufficeret
999 1681 1098 1721 fides
1124 1685 1259 1720 vestra
1286 1679 1508 1720 commodis

78 1757 114 1783 20
135 1743 236 1796 suis,
275 1743 352 1781 etsi
389 1742 523 1782 nullus
563 1744 809 1782 intercessor
847 1742 1068 1782 accederet.
1133 1741 1204 1780 sed
1243 1753 1378 1781 amore
1417 1752 1508 1780 meo

132 1801 274 1841 ductus
307 1807 381 1856 est,
413 1810 468 1856 ut,
501 1802 607 1854 quod
639 1804 726 1854 ipse
758 1814 831 1854 per
864 1815 906 1842 se
940 1804 1236 1855 impetraverat,
1267 1813 1331 1840 me
1358 1801 1510 1840 faceret

131 1861 344 1914 postulare.
396 1863 530 1914 itaque
562 1875 669 1902 nunc
701 1862 846 1902 honori
877 1867 1010 1902 vestro
1044 1861 1109 1901 hic
1137 1873 1295 1914 quoque
1323 1860 1508 1901 cumulus

132 1923 342 1975 accrescit,
375 1922 481 1974 quod
514 1922 592 1962 duo
626 1922 825 1962 efficimur
857 1922 1078 1975 debitores,
1112 1934 1204 1962 cum
1235 1926 1371 1961 tamen
1402 1933 1508 1961 unus

133 1994 153 2020 e
185 1982 301 2022 nohis
333 1981 574 2022 beneficium
607 1987 886 2034 consequatur.
944 1981 982 2022 2.
1016 1981 1322 2022 Eborolacensis
1354 1981 1510 2034 praedii

78 2056 112 2082 25
133 2043 250 2081 etiam
291 2047 381 2082 ante
419 2042 611 2082 barbaros
650 2042 868 2082 desolatam
905 2042 1180 2093 medietatem,
1225 2054 1325 2094 quae
1365 2042 1509 2081 domus

132 2104 321 2154 patriciae
350 2104 437 2142 iura
463 2103 580 2142 modo
607 2104 785 2156 respicit,
815 2103 1005 2155 suffragio
1031 2107 1165 2143 vestro
1192 2103 1273 2142 iuri
1300 2114 1372 2142 suo
1400 2106 1510 2155 optat

133 2162 305 2214 adiungi.
369 2175 499 2215 neque
539 2163 588 2202 ad
632 2163 734 2202 hanc
772 2163 1106 2203 nundinationem
1151 2162 1314 2203 stimulo
1353 2162 1508 2215 cupidi-

132 2223 226 2262 tatis
253 2222 323 2262 sed
350 2228 538 2275 respectu
564 2225 690 2263 avitae
717 2223 1007 2263 recordationis
1034 2223 1258 2264 adducitur.
1308 2222 1510 2275 siquidem

230 2353 251 2385 5
278 2349 472 2394 quandam
497 2351 591 2396 LN,
619 2351 811 2396 quendam
829 2352 881 2387 M
886 2352 955 2388 OT
971 2354 983 2398 ΙΙ
1006 2355 1048 2387 16
1074 2356 1188 2389 totam
1214 2362 1267 2398 ep.
1296 2351 1332 2387 V
1353 2362 1420 2387 om.
1444 2351 1479 2387 T
1502 2351 1506 2399 Ι

131 2399 411 2445 inscriptionem
435 2410 511 2435 imo
535 2410 642 2436 versu
666 2411 744 2436 vac.
772 2410 839 2436 om.
861 2400 896 2435 L
915 2403 927 2446 ΙΙ
