1592 2612
153 126 211 169 48
616 123 763 160 LIBER
787 123 1060 161 SECUNDUS.

153 229 305 268 tionem
338 239 472 268 comes
498 227 635 266 venire
662 226 890 281 dissimu103
923 238 1098 279 namque
1124 237 1189 266 me
1215 224 1343 267 multo
1370 225 1534 267 decum-

153 287 341 328 bentibus
374 288 524 327 nostris
557 286 749 327 validiora
774 288 970 328 maeroris
997 288 1100 327 retia
1123 291 1277 342 tenent,
1309 298 1412 340 quae
1439 291 1535 328 sunt

154 350 293 389 amicis
328 360 508 402 quaeque
541 352 580 388 et
613 349 791 388 externis
822 347 1119 388 indolescenda.
1169 347 1277 388 unde
1303 352 1345 388 te
1371 360 1534 402 quoque

154 414 263 464 puto,
290 411 325 449 si
350 410 428 448 rite
455 421 643 461 germano
669 410 844 448 moveris
872 409 1030 463 affectu,
1057 420 1135 462 quo
1162 409 1360 462 temporis
1382 413 1533 462 puncto

118 481 136 508 5
154 471 338 522 paginam
382 469 483 509 hanc
529 471 770 524 sumpseris,
815 469 863 509 de
903 469 1036 510 reditu
1076 470 1213 523 potius
1252 470 1533 523 cogitaturum.

155 528 194 570 2.
241 530 471 584 Severiana,
523 529 750 570 sollicitudo
795 532 1038 584 communis,
1089 531 1312 583 inquietata
1355 531 1534 583 primum

155 589 283 630 lentae
310 592 434 631 tussis
461 590 638 643 ixnpulsu
665 589 844 631 febribus
872 603 1032 644 quoque
1054 592 1133 631 iam
1159 590 1361 645 fatigatur,
1386 590 1532 644 hisque

153 663 226 703 per
258 655 396 691 noctes
434 651 826 706 ingravescentibus,
863 656 1031 705 propter
1063 651 1170 704 quod
1203 655 1314 704 optat
1346 652 1458 692 exire
1489 653 1534 692 in

155 710 448 766 suburbanum,
480 711 634 752 litteras
660 716 750 752 tuas
778 711 953 765 denique
981 724 1073 752 cum
1101 723 1368 767 sumeremus,
1395 711 1535 765 egredi

101 784 135 810 10
155 771 202 811 ad
241 771 417 812 villulam
455 773 535 811 iam
571 772 822 825 parabamus.
887 775 1076 826 quocirca
1107 777 1151 813 tu
1184 784 1257 813 seu
1279 773 1427 813 >venias
1460 785 1533 814 seu

153 834 343 886 moreris,
380 845 522 885 preces
554 837 714 873 nostras
747 833 997 874 orationibus
1030 835 1139 888 iuva,
1173 837 1219 874 ut
1251 834 1360 874 ruris
1394 845 1533 874 auram

154 892 399 932 desideranti
432 892 648 933 salubriter
680 894 796 934 cedat
827 895 915 947 ipsa
946 895 1155 947 vegetatio
1219 898 1329 934 certe
1363 906 1437 947 ego
1469 893 1533 935 vel

153 957 221 992 tua
253 965 368 992 soror
399 954 506 994 inter
539 966 652 1006 spem
683 959 918 1006 metumque
951 955 1140 1007 suspensi
1168 954 1415 995 credidimus
1442 956 1530 996 eius

152 1013 329 1052 taedium
381 1013 624 1067 augendum,
676 1015 711 1053 si
761 1014 955 1055 voluntati
1004 1016 1175 1055 iacentis
1220 1014 1532 1057 obstitissemus.

101 1085 134 1112 15
156 1071 194 1113 3.
228 1074 353 1125 igitur
385 1074 519 1113 ardori
552 1075 723 1114 civitatis
756 1079 874 1127 atque
907 1076 1063 1128 torpori
1093 1079 1176 1115 tam
1202 1087 1276 1115 nos
1310 1088 1430 1128 quam
1463 1076 1532 1116 do-

154 1144 264 1172 mum
307 1138 431 1173 totam
468 1135 631 1186 praevio
671 1133 831 1174 Christo
875 1136 1028 1188 pariter
1073 1137 1288 1175 eximimus
1330 1135 1532 1190 simulque

155 1193 404 1233 medicorum
449 1193 617 1234 consilia
660 1196 832 1235 vitamus
877 1195 1126 1236 assidentum
1171 1195 1532 1251 dissidentumque,

156 1254 226 1305 qui
263 1266 405 1306 parum
444 1254 552 1294 docti
585 1259 625 1294 et
658 1257 755 1295 satis
788 1255 919 1296 seduli
957 1255 1167 1309 languidos
1199 1256 1348 1297 multos
1380 1257 1532 1298 officio-

155 1314 313 1353 sissime
353 1314 551 1354 occidunt.
607 1327 701 1355 sane
740 1316 1005 1356 contubernio
1037 1322 1177 1357 nostro
1210 1318 1298 1357 iure
1331 1319 1531 1359 amicitiae

100 1388 136 1415 20
154 1372 287 1414 Iustus
327 1374 599 1429 adhibebitur,
645 1388 782 1430 quem,
828 1378 862 1416 si
906 1378 1031 1417 iocari
1068 1376 1214 1418 liberet
1250 1379 1294 1418 in
1331 1378 1532 1433 tristibus,

154 1433 268 1474 facile
302 1436 583 1475 convincerem
615 1435 829 1477 Chironica
867 1438 995 1490 magis
1028 1439 1258 1478 institutum
1290 1443 1376 1479 arte
1411 1452 1531 1492 quam

152 1493 417 1535 Machaonica.
470 1508 547 1548 quo
587 1495 818 1549 diligentius
850 1497 1114 1551 postulandus
1147 1504 1209 1539 est
1241 1498 1427 1540 Christus
1461 1499 1531 1540 ob-

154 1554 465 1609 secrandusque,
497 1561 542 1596 ut
572 1555 804 1612 valetudini,
837 1560 952 1598 cuius
986 1560 1235 1599 curationem
1268 1572 1365 1601 cura
1390 1565 1530 1601 nostra

152 1626 232 1654 non
264 1616 427 1670 invenit,
459 1618 636 1669 potentia
671 1630 844 1671 superna
876 1618 1096 1660 medeatur.
1148 1619 1246 1660 vale.

777 1783 897 1828 XIII.

96 1870 132 1897 25
402 1864 627 1900 SIDONIUS
654 1865 884 1903 SERRANO
912 1866 1004 1903 suo
1033 1866 1272 1904 SALUTEM.

246 1938 281 1979 1.
314 1939 537 1992 Epistulam
568 1946 678 1982 tuam
710 1943 827 1983 nobis
859 1943 1116 1984 Marcellinus
1148 1949 1306 1997 togatus
1334 1945 1527 2000 exhibuit,

151 1997 270 2039 homo
307 2001 463 2052 peritus
501 2002 642 2054 virque
682 2004 914 2044 amicorum.
979 2017 1080 2057 quae
1112 2005 1360 2057 primoribus
1392 2005 1528 2047 verbis

152 2058 387 2100 salutatione
427 2060 548 2101 libata
586 2061 741 2115 reliquo
781 2065 844 2104 sui
876 2069 1024 2118 tractu,
1065 2066 1135 2117 qui
1168 2065 1331 2118 quidem
1363 2067 1527 2119 grandis

151 2124 230 2174 est,
273 2122 434 2173 patroni
471 2123 531 2162 tui
568 2121 747 2163 Petronii
783 2123 946 2164 Maximi
985 2126 1241 2178 imperatoris
1281 2126 1420 2167 laudes
1458 2127 1526 2167 ha-

246 2264 268 2296 3
295 2271 466 2307 quaeque
486 2262 578 2309 LV,
605 2273 755 2309 quoque
782 2265 819 2310 (o
845 2265 888 2301 in
912 2277 999 2310 ras„
1027 2277 1046 2301 e
1065 2276 1093 2303 s.
1115 2267 1137 2303 l.
1160 2267 1247 2303 add.
1267 2266 1455 2313 M2)MN
1458 2268 1493 2304 T
1501 2269 1533 2305 O

152 2308 156 2353 Ι
185 2309 225 2344 el:
250 2308 415 2345 externis
440 2322 554 2357 usque
585 2312 636 2347 ad
661 2312 700 2347 te
727 2322 877 2357 quoque
902 2315 945 2349 in
969 2326 1084 2362 marg).
1112 2315 1199 2352 add.
1226 2315 1284 2350 N¹
1306 2316 1311 2361 Ι
1334 2317 1374 2352 et
1398 2327 1465 2353 om.
1495 2317 1530 2353 T

146 2356 160 2404 Η
187 2359 232 2392 10
257 2358 300 2392 tu
326 2368 393 2394 seu
418 2358 559 2405 LNT,
593 2370 659 2395 seu
685 2361 729 2395 tu
760 2361 817 2406 (tu
847 2372 874 2397 s.
902 2362 925 2398 l.
953 2363 1038 2400 add.
1066 2362 1239 2410 M²)M0
1265 2365 1277 2410 [Ι
1310 2367 1354 2400 13
1380 2366 1528 2401 metum

149 2406 234 2451 (om.
261 2407 351 2452 que)
381 2406 418 2453 Ο,
445 2408 485 2442 et
509 2408 653 2444 metum
684 2407 852 2446 Vatican.
874 2412 972 2448 3421
994 2413 1006 2458 ΙΙ
