1592 2612
600 70 812 108 CARLOEN
835 71 971 110 XXIII.

235 180 283 215 80
309 173 419 214 inter
449 172 676 214 Publicolas
707 186 830 214 manu
861 173 1018 213 feroces

306 238 452 274 trunco
482 233 640 274 Mucius
672 235 824 274 eminet
854 233 1022 287 lacert03

307 293 456 335 vallum
488 293 673 335 Caesaris
704 296 958 347 opprimente
990 294 1133 348 Magno

306 356 414 396 inter
443 359 506 395 tot
535 354 660 395 facies
693 355 742 395 ab
773 355 890 395 hoste
922 360 1029 395 tutas

305 414 443 456 luscus
475 414 624 456 Scaeva
656 415 733 456 fuit
763 417 892 468 magis
924 415 1109 456 decorus.

239 484 286 518 85
311 475 400 516 laus
432 480 495 516 est
525 476 649 516 ardua
681 476 783 517 dura
814 478 1036 530 sustinere3

305 537 479 591 ignavis,
508 537 664 577 timidis
696 542 737 577 et
767 536 1006 590 improbatis

305 596 478 638 multum
508 597 675 650 fingitur
707 599 834 638 otiosa
866 599 1007 638 virtus.

365 657 471 705 Quid
503 658 610 711 quod
642 657 883 698 Caesaribus
915 658 1028 698 ferax
1060 657 1266 713 creandis,

303 717 400 758 felix
431 718 545 772 prole
578 719 730 772 virum,
762 718 884 759 simul
916 718 1066 759 dedisti

232 787 279 820 9ο
304 784 421 819 natos
454 791 546 819 cum
579 780 761 832 genitore
793 776 1100 832 principantes?

303 852 398 879 nam
430 841 521 892 quis
552 838 732 879 Persidis
764 839 1063 892 expeditionem

303 905 373 940 aut
402 901 584 940 victricia
617 905 747 940 castra
779 899 1018 953 praeteribit

302 960 394 1001 Cari
424 961 623 1013 principis
655 965 696 1000 et
726 960 1047 1013 perambulatum

301 1020 494 1061 Romanis
525 1020 756 1073 legionibus
788 1020 1010 1075 Niphaten,

230 1089 275 1122 95
301 1085 390 1122 tum
421 1093 515 1122 cum
546 1080 715 1122 fulmine
747 1087 888 1134 captus
921 1083 1142 1134 imperator

301 1143 425 1182 vitam
456 1141 695 1182 fulminibus
726 1154 866 1195 parem
897 1139 1085 1195 peregit?

361 1202 435 1242 His
465 1207 511 1243 tu
543 1202 717 1256 civibus,
748 1202 872 1256 urbe,
904 1215 1000 1243 rure
1032 1202 1189 1256 pollens

302 1262 495 1303 Consenti
524 1263 627 1303 mihi
658 1264 791 1316 gignis
823 1262 926 1303 alme
959 1268 1134 1318 patrem,

301 1323 416 1363 illum
447 1324 514 1363 eui
544 1323 666 1363 nitidi
697 1323 802 1363 sales
835 1325 1026 1376 rigorque

207 1392 277 1425 100
302 1382 507 1423 Romanus
539 1383 617 1423 fuit
647 1384 779 1424 Attico
812 1385 855 1424 in
886 1384 1036 1437 lepore.

299 1443 407 1483 hunc
438 1443 614 1483 Miletius
649 1448 689 1484 et
720 1443 865 1484 Thales
899 1450 1064 1497 stupere

300 1503 484 1544 auditum
516 1505 648 1557 potuit
679 1503 879 1557 simulque
912 1504 1033 1545 Lindi
1065 1510 1128 1545 est

299 1569 420 1605 notus
447 1566 518 1617 qui
551 1564 768 1605 Cleobulus
799 1566 907 1605 inter
939 1577 1073 1619 arces,

300 1630 340 1665 et
370 1629 434 1679 tu,
467 1626 555 1679 qui,
587 1624 826 1679 Periandre,
858 1625 907 1665 de
940 1625 1134 1666 Corintho
1166 1637 1230 1679 es,

204 1693 273 1726 105
300 1691 341 1726 et
371 1690 437 1739 tu,
470 1697 591 1737 quem
624 1684 809 1739 dederat,
841 1685 954 1739 Bias,
985 1685 1150 1739 Priene,

298 1751 340 1786 et
370 1751 434 1799 tu,
466 1744 637 1799 Pittaee,
668 1745 840 1786 Lesbius
873 1746 1094 1800 sophistes,

298 1811 339 1846 et
370 1811 433 1860 tu,
466 1807 535 1858 qui
566 1807 724 1846 tetricis
756 1811 901 1859 potens
932 1807 1100 1847 Athenis

296 1868 426 1906 vincis
459 1866 706 1917 Socraticas,
740 1866 884 1920 Solon,
916 1867 1156 1922 palaestras,

300 1932 341 1967 et
372 1932 435 1981 tu,
467 1926 688 1980 Tyndareis
722 1932 831 1968 satus
863 1927 1106 1982 Therapnis,

205 1996 275 2029 110
302 1987 463 2042 Chilon,
496 1987 662 2040 legifero
694 1989 808 2041 prior
839 1987 1033 2041 Lycurgo.

296 2060 378 2088 non
410 2047 495 2102 hic,
528 2049 562 2087 si
593 2047 720 2088 voluit
751 2053 916 2088 vacante
949 2061 1045 2088 cura

297 2110 388 2161 quis
421 2109 474 2148 sit
506 2107 712 2149 sideribus
743 2114 885 2149 notare
918 2121 1082 2162 cursus,

1387 71 1476 115 339

174 2215 220 2249 87
246 2211 414 2258 ringitur
439 2212 560 2248 Vatic.
581 2214 681 2249 3421
704 2214 710 2258 Ι
734 2212 860 2248 otiosa
884 2214 1015 2260 vu190;
1042 2212 1174 2248 ociosa.
1193 2212 1245 2260 F,
1271 2212 1399 2249 osiosa
1418 2214 1464 2260 P,

75 2259 211 2296 odiosa
237 2261 343 2303 TC2,
370 2259 495 2297 odiosi
522 2260 608 2306 Gbfl
634 2265 680 2297 95
705 2273 759 2297 om
783 2263 933 2297 taetus?
965 2261 1238 2307 Luetjohannu
1259 2265 1324 2298 101
1353 2261 1464 2298 Mile-

76 2307 153 2344 sius
178 2310 290 2357 vulgo
328 2310 341 2356 ΙΙ
380 2313 449 2346 106
477 2308 653 2355 sophista
681 2309 716 2346 T
750 2311 763 2357 ΙΙ
799 2322 855 2347 vv.
876 2313 950 2346 107
976 2314 1009 2346 et
1036 2312 1111 2347 108
1136 2321 1203 2346 om.
1228 2310 1267 2355 Ο,
1292 2322 1370 2347 non
1394 2322 1463 2348 om.

83 2357 201 2394 Vatic.
223 2360 324 2396 3421
345 2358 358 2403 ss

1168 2419 1243 2455 22*
