1592 2612
122 116 353 157 amemus
376 93 576 155 nomo
601 110 764 154 PAPAE
788 115 1041 154 PRmcmo
1069 115 1315 187 SALPTEM·
1367 115 1457 160 199

75 220 256 261 victimis
298 219 479 260 caritatis
523 219 799 271 castitatisque
843 218 1200 271 flagrantissimum
1243 219 1459 258 incensum

73 279 267 323 turibulis
310 279 446 320 cordis
486 278 665 319 adoletis.
728 278 778 319 ad
818 278 894 318 hoc
939 279 1128 331 quotiens
1171 279 1312 331 iugum
1355 277 1458 330 legis

73 339 303 383 cervicibus
327 338 634 393 superbientum
659 351 734 392 per
759 338 918 379 vincula
942 338 1256 392 praedicationis
1282 336 1458 378 adstrin-

73 403 183 456 gitis,
212 405 310 442 tunc
340 399 417 440 deo
441 404 580 440 tauros
607 398 843 453 spiritaliter
867 398 1097 439 immolatis.
1148 400 1336 452 quotiens
1362 410 1458 439 con-

72 462 269 503 scientiae
286 459 528 502 lnxuriantis
553 460 704 500 faetore
730 459 904 513 pollutos
931 459 980 499 ad
1000 458 1314 500 suaveolentiam
1338 458 1457 512 pudi-
1494 471 1514 499 ⁵

72 523 196 563 citiae
214 520 390 562 stimulis
409 522 676 561 correctionis
696 519 917 574 impellitis,
935 518 1145 560 hircorum
1162 531 1234 560 vos
1260 519 1456 560 obtulisse

74 581 332 623 virulentiam
362 580 550 622 Christus
582 580 662 621 sibi
693 585 910 634 computat.
967 578 1007 621 5.
1040 581 1228 633 quotiens
1259 580 1457 620 hortanti-

74 642 152 683 bus
192 641 307 683 vobis
347 643 390 682 in
434 653 689 694 quocumque
733 645 959 694 conpuncto
1005 640 1143 694 culpas
1190 652 1285 681 suas
1323 641 1458 680 anima

74 701 299 757 poenaliter
329 701 539 742 recordata
571 702 759 755 suspirat,
792 703 883 754 quis
915 713 985 741 vos
1018 700 1194 753 ambigat
1225 702 1338 754 paria
1369 706 1455 741 tur-

72 768 212 804 turum
256 767 325 803 aut
367 761 484 802 binos
522 761 654 814 pullos
686 761 982 815 columbarum,
1023 762 1094 814 qui
1125 760 1327 814 duplicem
1361 760 1456 801 sub·
1476 773 1513 799 ιο

73 825 264 864 stantiam
314 824 527 875 utriusque
578 822 753 862 hominis
803 823 933 862 nostri
983 826 1065 861 tam
1114 833 1284 861 numero
1335 833 1457 874 quam

72 885 228 937 gemitu
253 884 470 936 assignant,
494 884 665 936 mystico
690 881 827 923 litasse
854 879 1082 923 sacrificio?
1113 883 1301 934 quotiens
1320 886 1456 922 vestro

75 945 232 985 monitu
263 942 431 984 obesum
463 944 708 996 quicumque
747 954 895 995 corpus
934 946 1263 995 aestuantemque
1302 941 1456 994 turgidi

73 1004 228 1045 ventris
259 1004 439 1044 arvinam
470 1002 615 1043 crebro
648 1004 895 1043 ieiuniorum
927 1001 1214 1055 decoquendus
1246 1003 1338 1054 igne
1370 1007 1454 1042 tor-

74 1065 221 1119 ruerit,
263 1062 365 1104 nulli
408 1063 576 1103 dubium
620 1068 682 1104 est
725 1075 795 1103 vos
839 1068 935 1103 tunc
980 1061 1166 1103 simulam
1210 1062 1368 1102 frictam
1411 1063 1455 1104 in
1475 1073 1511 1102 15

72 1123 246 1178 quadam
278 1125 548 1164 continentiae
575 1124 777 1176 sartagine
810 1127 1129 1163 consecraturos.
1193 1121 1231 1164 6.
1266 1124 1454 1176 quotiens

74 1184 252 1238 aliquem
282 1185 431 1225 mentis
456 1183 635 1238 perfidae
661 1184 851 1237 figmenta
877 1188 1096 1237 ponentem
1123 1195 1261 1223 sanam
1286 1195 1454 1236 respon-

72 1245 171 1286 dere
203 1243 429 1286 doctrinam
461 1243 581 1285 iidem
614 1244 793 1298 credere,
825 1245 929 1283 viam
961 1248 1101 1284 tenere
1134 1245 1256 1284 vitam
1289 1255 1454 1296 sperare

73 1305 272 1359 suadetis,
309 1306 401 1358 quis
432 1317 503 1345 vos
535 1304 693 1345 dubitet
723 1306 767 1345 in
790 1303 912 1344 huius
944 1303 1224 1344 emendatione
1257 1305 1455 1357 conversi,

73 1366 146 1419 qui
177 1366 257 1406 iam
289 1366 343 1405 sit
374 1364 477 1405 liber
507 1363 557 1405 ab
587 1364 765 1418 haeresi,
802 1363 907 1405 liber
938 1363 987 1404 ab
1018 1364 1237 1418 hypocrisi,
1269 1363 1374 1404 liber
1406 1363 1454 1404 ab
1475 1376 1512 1403 20

74 1425 304 1479 schismate,
336 1426 670 1478 purgatissimum
700 1425 990 1478 propositionis
1021 1437 1167 1478 panem
1201 1437 1292 1465 cum
1326 1425 1455 1464 since-

75 1486 208 1526 ritatis
239 1490 281 1526 et
311 1486 491 1526 veritatis
524 1486 673 1538 azymis
705 1481 991 1525 dedicaturos?
1055 1484 1093 1525 7.
1126 1489 1331 1537 postremo
1365 1486 1456 1538 quis

74 1547 247 1599 nesciat,
285 1544 477 1598 quicquid
516 1545 616 1598 legis
655 1544 798 1585 diebus
839 1543 1062 1597 figuraliter
1100 1544 1383 1585 immolabatur
1413 1545 1456 1584 in

72 1605 331 1660 corporibus,
376 1604 483 1658 quod
515 1611 644 1645 totum
676 1604 717 1644 id
749 1606 899 1658 gratiae
931 1609 1114 1657 tempore
1140 1605 1352 1644 manifeste
1384 1617 1455 1644 vos

73 1666 254 1707 offeratis
285 1667 327 1706 in
359 1663 571 1705 moribus?
602 1670 721 1718 atque
748 1664 838 1705 ideo
858 1666 1007 1717 gratias
1033 1664 1179 1705 uberes
1206 1664 1281 1704 deo
1308 1664 1454 1718 refero,
1474 1676 1510 1703 25

74 1726 182 1780 quod
221 1726 444 1767 secundum
476 1730 633 1766 vestrae
665 1726 832 1779 paginae
872 1724 1105 1778 qualitatem
1138 1724 1252 1765 facile
1280 1737 1454 1777 agnosco

73 1788 297 1827 antistitem
325 1786 572 1839 suprafatum
599 1785 647 1826 de
674 1784 800 1839 vobis,
831 1797 923 1826 cum
949 1798 1092 1838 magna
1118 1784 1277 1838 dixerit,
1303 1786 1457 1825 maiora

72 1848 261 1888 tacuisse.
313 1851 558 1900 quapropter
582 1858 702 1886 nemo
734 1845 989 1899 dubitaverit,
1017 1846 1087 1898 qui
1112 1844 1242 1885 bonus
1276 1857 1331 1899 es,
1364 1857 1456 1886 cum

75 1907 286 1961 indicaris,
318 1912 359 1947 et
390 1906 550 1959 melior,
584 1918 675 1946 cum
706 1905 873 1959 legeris,
915 1918 1004 1946 esse
1043 1911 1082 1946 te
1116 1907 1330 1959 optimum,
1363 1917 1456 1946 cum

74 1967 236 2008 videris.
288 1966 327 2009 8.
347 1966 571 2020 Megethius
598 1966 782 2020 clericus,
807 1967 932 2006 vestri
951 1965 1116 2018 gerulus
1143 1965 1305 2019 eloquii,
1331 1964 1454 2006 rebus
1472 1977 1510 2004 so

74 2040 125 2068 ex
157 2028 356 2068 sententia
389 2028 531 2080 gestis,
570 2027 663 2079 quia
700 2033 862 2067 tuorum
901 2028 1061 2078 apicum
1099 2025 1241 2066 detulit
1274 2038 1456 2079 munera,

174 2159 192 2190 1
221 2153 569 2202 fragrantissimum
591 2154 700 2202 vulyo
718 2155 732 2199 Ι
751 2158 772 2191 3
799 2153 1011 2190 cervicibus
1033 2152 1337 2200 superbientium
1356 2153 1409 2190 M
1414 2153 1455 2199 G,

75 2202 277 2239 cervitium
302 2205 380 2249 (um
406 2214 499 2239 corr.
519 2203 562 2238 in
585 2201 657 2237 bus
679 2202 742 2246 1¹¹)
769 2201 1077 2248 superbientibus
1105 2201 1188 2243 (bus
1214 2213 1307 2238 corr.
1327 2203 1371 2238 in
1389 2213 1454 2237 um

78 2251 187 2297 T¹)T
202 2253 215 2296 Ε
234 2256 255 2287 9
282 2250 510 2297 poenaliter]
540 2249 788 2286 lacrimaliter
814 2250 884 2297 Fu
907 2255 947 2285 11
976 2249 1140 2285 hominis
1166 2249 1289 2285 nostri
1315 2250 1454 2286 utrius·

77 2309 150 2344 que
178 2299 211 2335 C
235 2302 248 2343 ss
282 2304 326 2336 15
354 2298 521 2335 similam
545 2297 698 2335 frictam
724 2299 859 2342 MCT,
886 2298 947 2333 vel
972 2297 1110 2332 frixam
1136 2299 1222 2334 add.
1249 2310 1277 2334 s.
1304 2299 1327 2334 1.
1355 2298 1421 2334 M¹
1440 2300 1452 2344 ΙΙ

78 2350 125 2383 25
151 2349 281 2430 Ἥὺεε
307 2347 442 2383 uberes
471 2346 620 2392 (uberes
646 2348 688 2382 in
719 2359 792 2383 ras.
816 2347 986 2392 M1)Mu
1012 2350 1057 2381 ‘29
1083 2349 1122 2382 te
1149 2357 1232 2382 esse
1262 2346 1332 2383 GT
1354 2351 1387 2384 et
1412 2347 1456 2383 in

76 2407 150 2432 ras.
224 2397 234 2416 ¹
254 2398 267 2441 ΙΙ
