1592 2612
131 141 219 184 260
680 133 889 172 CARMEN
913 133 958 172 V.

253 244 466 281 venturum
500 237 654 279 excidio
687 236 856 291 Libyae,
889 237 959 289 qui
990 236 1138 277 tertius
1170 245 1219 275 ex
1250 246 1315 274 me

256 302 425 354 accipiet
456 295 635 340 nomen?
700 296 848 337 debent
878 296 955 336 hoc
987 295 1066 335 fata
1098 294 1244 349 labori,

254 362 488 414 Maioriane,
519 364 600 399 tuo.
665 369 785 411 quem
818 369 890 398 cur
923 355 1196 396 conscendere
1229 354 1402 396 classem

161 431 228 465 105
256 435 300 462 ac
332 425 471 474 portus
503 421 654 459 intrare
687 430 799 458 meos
830 416 1055 469 urbemque
1089 415 1245 470 subire,

255 484 289 522 si
320 481 476 535 iubeas,
509 481 687 533 cupiam,
718 479 857 531 paucis
891 490 939 518 ex
972 477 1114 517 ordine
1147 475 1272 517 fabor.

314 541 475 595 Fertur,
506 540 735 580 Pannoniae
768 551 843 592 qua
877 537 1019 578 Martia
1050 536 1175 590 pollet
1206 536 1398 591 Acincus,

253 602 456 655 Illyricum
488 602 641 641 rexisse
675 599 805 640 solum
838 611 931 639 cum
962 597 1159 638 tractibus
1190 596 1319 637 Histri

254 663 374 703 huius
407 674 520 716 avus3
553 673 646 701 nam
678 660 950 713 Theudosius,
983 670 1062 712 quo
1095 663 1278 711 tempore
1311 657 1435 698 Sirmi

162 733 230 765 110
256 723 478 775 Augustum
511 722 881 775 sumpsiwnomen,
924 732 998 773 per
1029 723 1242 772 utramque
1274 719 1513 771 magistrum

254 783 439 823 militiam
472 782 520 822 ad
551 786 687 835 partes
714 782 830 834 regni
860 785 1055 821 venturus
1087 779 1190 820 ans

255 844 518 883 Maiorianum
548 842 699 882 habuit.
763 841 888 881 Latiis
921 846 1017 881 sunt
1049 840 1206 880 condita
1241 838 1357 880 fastis

255 905 358 944 facta
390 904 521 957 ducis,
556 904 741 956 quotiens
768 902 967 954 Scythicis
999 900 1108 941 illata
1141 899 1294 941 colonis

257 964 421 1005 classica
452 968 690 1017 presserunt
720 962 937 1016 Hypanim,
969 961 1209 1014 Peucenque
1242 961 1442 1013 rigentem

164 1033 230 1066 115
257 1029 390 1065 mente
423 1024 604 1064 salutatis
637 1025 766 1064 irrisit
797 1023 877 1063 lixa
908 1023 1077 1076 pruinis.
1398 1016 1401 1019 ’

257 1086 363 1125 hunc
396 1097 580 1125 socerum
613 1089 727 1137 pater
757 1084 878 1124 huius
910 1082 1051 1137 habet,
1083 1083 1145 1122 vir
1177 1081 1311 1122 clarus
1344 1084 1385 1121 et
1414 1093 1496 1121 uno

258 1145 431 1186 culmine
464 1145 629 1185 militiae
662 1157 822 1197 semper
854 1148 1089 1197 contentus,
1123 1146 1168 1182 ut
1198 1153 1326 1182 unum

259 1205 418 1246 casibus
450 1207 493 1245 in
525 1205 658 1245 dubiis
690 1207 852 1246 iunctus
886 1207 1127 1256 sequeretur
1159 1203 1344 1242 amicum.

258 1278 338 1306 non
371 1265 495 1306 semel
528 1265 671 1306 oblatis
703 1263 1121 1319 temptavitlfascibus
1154 1262 1269 1303 illum

167 1335 234 1367 120
261 1326 373 1366 Aetio
407 1339 548 1379 rapere
581 1326 669 1366 aula
702 1338 793 1381 suo,
826 1325 897 1366 sed
929 1325 1109 1378 perstitit
1140 1323 1227 1378 ille,

260 1388 387 1426 maior
417 1387 641 1427 honoratis:
675 1388 807 1439 coepit
838 1386 1056 1439 pretiosior
1088 1397 1178 1425 esse

263 1448 320 1486 sic
352 1448 482 1499 pretio
515 1459 596 1487 non
628 1452 741 1501 capta
774 1447 886 1487 fides.
950 1450 1036 1486 erat
1067 1444 1147 1499 ille,
1180 1444 1287 1498 quod
1321 1443 1415 1483 olim

263 1512 449 1559 quaestor
481 1506 733 1548 consulibus:
765 1506 963 1547 tractabat
994 1505 1156 1559 publica
1187 1507 1277 1545 iure

265 1579 355 1607 aera
389 1580 478 1622 suo,
510 1572 744 1621 tantumque
777 1567 942 1607 modum
975 1565 1171 1619 servabat,
1203 1570 1248 1606 ut
1279 1564 1394 1605 illum

170 1635 238 1667 125
264 1633 446 1668 narraret
478 1641 616 1668 rumor
648 1630 727 1668 iam
760 1627 882 1668 rebus
914 1639 1081 1680 parcere
1113 1627 1207 1666 nati.

324 1687 513 1728 Senserat
544 1689 621 1728 hoc
654 1689 723 1729 sed
757 1689 858 1728 sorte
892 1688 1008 1728 ducis
1040 1688 1119 1727 iam
1151 1686 1272 1726 livida
1304 1686 1479 1726 coniunx

265 1750 402 1799 augeri
434 1749 577 1788 famam
609 1750 738 1803 pueri,
771 1749 1003 1800 suffusaque
1035 1747 1109 1787 bili

266 1814 427 1848 coxerat
458 1810 662 1849 internum
694 1822 767 1862 per
798 1808 966 1848 barbara
1000 1808 1121 1848 corda
1152 1818 1363 1847 venenum.

265 1867 374 1907 ilicet
406 1869 584 1921 explorat
616 1869 769 1909 caelum
800 1874 1005 1921 totamque
1037 1867 1183 1908 volutis

174 1936 242 1968 130
268 1930 470 1980 percurrit
501 1929 712 1969 mathesim
745 1930 939 1983 numeris,
972 1930 1193 1981 interrogat
1223 1927 1400 1980 umbras,

269 1987 435 2027 fulmina
467 1991 647 2043 rimatur,
680 1990 800 2029 fibras
833 1989 953 2043 videt,
985 1989 1165 2041 undique
1198 1987 1377 2040 gaudens

268 2054 468 2088 secretum
501 2052 682 2102 rapuisse
716 2050 801 2090 deo.
868 2051 926 2089 sic
958 2054 1070 2089 torva
1101 2048 1312 2100 Pelasgum

270 2107 428 2148 Colchis
460 2110 503 2148 in
535 2110 703 2162 aplustri
735 2114 903 2150 steterat
933 2109 1159 2162 trepidante
1192 2109 1337 2148 marito

269 2167 482 2220 Absyrtum
516 2182 703 2222 sparsura
736 2172 841 2223 patri
873 2170 1106 2222 facturaque
1141 2170 1248 2209 caesi

249 2274 316 2306 105
343 2270 530 2317 urbesque
557 2274 602 2309 M
621 2276 633 2321 11
654 2277 723 2309 112
750 2273 852 2309 Latii
877 2274 1083 2310 Mommsen
1101 2274 1112 2319 ΙΙ
1135 2275 1203 2309 115
1229 2272 1372 2317 mente]
1398 2271 1527 2306 monte

153 2320 198 2364 T,
223 2324 384 2366 eoepeetes
408 2320 490 2366 ipse
519 2322 756 2367 (Mommsen)
778 2323 789 2367 ΙΙ
811 2325 879 2356 116
906 2323 946 2357 et
970 2333 1045 2357 uno
1074 2323 1108 2358 T
1116 2321 1175 2369 F]
1203 2331 1300 2356 011110
1326 2320 1371 2365 P,
1405 2329 1530 2355 eunon

153 2368 209 2413 M,
237 2379 388 2403 euunon
417 2368 472 2414 ΟΙΙ
494 2373 560 2405 123
589 2369 673 2405 iura
699 2369 900 2406 MaPTF
929 2372 941 2416 ΙΙ
976 2374 1043 2405 124
1069 2380 1156 2406 aere
1184 2368 1298 2414 PFu
1325 2370 1393 2403 125
1419 2366 1530 2414 gnati

152 2415 228 2464 ΜΙΙ
250 2419 318 2453 126
345 2416 433 2464 1100]
461 2417 520 2453 his
548 2419 594 2454 M
611 2421 623 2464 fl
645 2421 713 2454 130
739 2416 932 2454 mathesin
960 2418 1017 2464 011
