1592 2612
302 134 534 174 SIDONIUS
559 134 835 173 VINOENTIO
862 134 955 172 SUO
982 133 1225 171 SALUTEM.
1401 133 1459 177 13

69 243 219 280 tantur.
277 243 383 292 esto,
423 237 702 291 multiplicatis
737 237 816 278 tibi
853 236 1098 291 spumabunt
1135 241 1269 276 musta
1299 237 1460 290 vinetis,

72 301 311 341 innumeros
337 310 498 352 quoque
525 298 709 339 cumulos
734 297 919 351 frugibus
946 302 1065 351 rupta
1084 299 1287 350 congestis
1313 288 1461 338 horrea

72 359 238 415 dabunt,
274 359 447 400 densum
478 372 603 413 pecus
637 359 813 413 gravidis
844 357 1039 399 uberibus
1072 359 1115 398 in
1146 357 1361 398 mulctram
1386 370 1461 411 per

72 426 187 462 antra
230 419 336 461 olida
381 419 588 461 caularum
631 421 795 474 pinguis
841 419 917 460 tibi
958 424 1098 472 pastor
1135 418 1333 460 includet.
1380 431 1459 471 quo

74 485 232 536 spectat
261 486 346 522 tam
372 480 599 522 faeculento
625 482 916 535 patrimonium
941 481 1193 533 promovisse
1220 479 1460 533 compendio
1498 491 1515 518 5

74 547 117 584 et
140 540 223 583 non
250 541 382 583 solum
408 543 517 582 inter
540 543 619 583 ista
645 542 729 596 sed,
762 541 869 595 quod
899 546 962 581 est
987 542 1161 595 turpius,
1191 545 1359 594 propter
1384 541 1462 580 ista

73 600 273 644 latuisse?
322 615 406 643 non
443 604 634 656 nequiter
664 608 704 643 te
738 601 902 643 concilii
931 606 1116 655 tempore
1146 606 1240 655 post
1272 601 1462 642 sedentes

75 668 375 717 censentesque
408 665 574 704 iuvenes
606 663 827 717 inglorium
859 664 1077 716 rusticum,
1115 675 1256 702 senem
1288 667 1463 702 stantem

74 723 371 777 latitabundum
396 726 587 778 pauperis
612 724 801 765 honorati
827 725 1029 764 sententia
1060 727 1229 777 premat,
1261 735 1354 763 cum
1379 735 1462 777 eos,

76 797 179 839 quos
205 781 317 826 esse't
342 785 556 837 indignum
582 787 618 826 si
642 786 813 838 vestigia
838 789 978 825 nostra
1003 788 1285 838 sequerentur,
1310 783 1461 824 videris
1482 796 1517 822 ιο

15 889 18 891 ,
75 845 217 886 dolens
249 843 550 886 antecessisse?
612 843 651 887 5.
691 846 762 886 sed
796 845 893 898 quid
925 842 1072 898 plura?
1117 846 1153 884 si
1185 846 1336 897 pateris
1368 844 1462 884 hor-

75 911 243 961 tantem,
269 910 486 952 conatuum
506 911 671 947 tuorum
690 908 825 947 socius
846 906 1018 959 adiutor,
1043 906 1231 958 praevius
1257 906 1462 958 particeps

76 979 159 1008 ero.
217 968 281 1008 sin
313 971 449 1007 autem
480 967 746 1007 inlecebrosis
777 966 1018 1007 deliciarum·
1042 965 1225 1006 cassibus
1257 965 1462 1006 involutus

74 1029 220 1083 mavis,
251 1032 298 1069 ut
328 1029 459 1082 aiunt,
490 1027 659 1081 Epicuri
690 1027 946 1080 dogmatibus
973 1026 1172 1081 copulari,
1195 1028 1276 1079 'qui
1307 1028 1462 1067 iactura

75 1090 239 1129 virtutis
278 1087 452 1129 admissa
491 1101 695 1129 summum
731 1088 882 1129 bonum
923 1087 1004 1128 sola
1042 1088 1226 1140 corporis
1260 1086 1461 1140 voluptate
1483 1100 1518 1126 15

75 1149 337 1203 determinat,
374 1154 503 1189 testor
540 1162 635 1190 ecce
674 1150 867 1203 maiores,
911 1153 1040 1189 testor
1077 1153 1262 1202 posteros
1300 1154 1463 1188 nostros

67 1205 170 1251 'huic
202 1222 267 1250 me
298 1222 428 1250 noxae
461 1222 544 1250 non
576 1222 666 1250 esse
699 1210 911 1250 confinem.
962 1208 1059 1249 vale.

718 1364 817 1408 VH.

308 1447 539 1484 SIDONsUS
564 1446 840 1484 VINCENTIO
869 1447 961 1484 SUO
989 1446 1230 1484 SALUTEM.

174 1525 209 1565 1.
262 1526 382 1578 Angit
413 1537 478 1564 me
505 1537 622 1565 casus
648 1525 822 1565 Arvandi
848 1537 924 1565 nec
950 1523 1175 1579 dissimulo,
1207 1525 1307 1577 quin
1333 1529 1463 1577 angat.

79 1597 254 1639 namque
286 1585 354 1626 hic
387 1597 547 1638 quoque
581 1585 765 1625 cumulus
798 1585 953 1626 accedit
979 1585 1165 1625 laudibus
1192 1586 1462 1638 imperatoris,
1483 1598 1518 1624 20

80 1646 187 1699 quod
213 1647 341 1686 amari
365 1645 497 1699 palam
522 1645 617 1686 licet
642 1650 683 1686 et
709 1647 839 1699 capite
866 1645 1086 1686 damnatos.
1129 1646 1283 1686 amicus
1309 1645 1465 1685 homini

78 1707 281 1760 fui'supra
301 1719 421 1760 quam
439 1718 600 1746 morum
619 1708 708 1746 eius
729 1705 899 1746 facilitas
919 1708 1172 1758 varietasque
1192 1705 1462 1759 patiebantur.

81 1771 253 1808 testatur
290 1767 367 1807 hoc
406 1771 574 1820 propter
610 1768 746 1820 ipsum
783 1779 914 1820 nuper
951 1766 1051 1806 mihi
1094 1766 1244 1806 invidia
1282 1766 1466 1820 conflata,

79 1830 196 1868 cuius
221 1840 287 1868 me
314 1827 433 1881 paulo
461 1829 730 1868 incautiorem
755 1827 914 1868 flamma
940 1827 1149 1867 detorruit.
1193 1825 1231 1867 2.
1261 1827 1333 1866 sed
1354 1827 1462 1880 quod

78 1890 122 1929 in
154 1889 330 1929 amicitia
364 1889 471 1942 steti,
503 1888 604 1928 mihi
636 1888 769 1929 debui.
821 1900 944 1941 porro
977 1892 1112 1928 autem
1144 1889 1186 1927 in
1218 1892 1363 1927 natura
1395 1887 1461 1927 ille
1484 1900 1519 1927 25

77 1961 160 1989 non
197 1948 340 1989 habuit
378 1948 628 2001 diligentiam
667 1948 974 2002 perseverandi:
1013 1948 1140 1988 libere
1180 1960 1348 2001 queror,
1382 1960 1463 1987 non

79 2008 346 2063 insultatorie,
374 2010 468 2062 quia
495 2009 674 2050 fidelium
700 2009 868 2050 consilia
894 2009 1122 2062 despiciens
1150 2009 1334 2048 fortunae
1360 2007 1464 2048 ludi-

79 2069 216 2110 brium
246 2082 321 2123 per
354 2071 487 2110 omnia
520 2070 606 2110 fuit.
664 2070 838 2123 denique
871 2082 953 2110 non
986 2082 1079 2109 eum
1111 2069 1325 2122 aliquando
1359 2070 1463 2109 ceci-

178 2190 199 2222 3
227 2185 409 2232 gravibus
431 2187 466 2222 T
481 2189 494 2231 u
515 2190 534 2223 7
560 2197 638 2222 non
655 2187 834 2232 nequiter
858 2187 898 2222 te
919 2185 994 2223 TO
1013 2189 1048 2222 et
1072 2186 1114 2221 in
1133 2196 1207 2222 ras.
1229 2184 1280 2220 M
1290 2185 1312 2231 ¹,
1338 2196 1464 2222 nonne

80 2233 175 2279 quid
200 2234 238 2270 L
262 2239 297 2271 et
319 2237 431 2274 (corr.
456 2236 501 2271 in
524 2245 602 2270 non
626 2235 803 2280 nequiter
827 2236 867 2270 te
893 2235 938 2270 N
945 2234 1035 2280 ¹,)N
1059 2245 1136 2270 non
1161 2232 1393 2279 nequit..
1421 2235 1466 2269 ut

87 2282 131 2328 V,
158 2295 211 2319 an
236 2282 353 2328 quid?
377 2294 503 2319 nonne
529 2284 592 2319 te?
623 2283 735 2330 LuetJ
731 2284 865 2320 ohann
882 2285 894 2329 u
914 2285 935 2318 8
959 2286 1044 2329 post
1070 2283 1238 2318 stantem
1261 2281 1327 2330 leq.
1354 2281 1467 2318 nobi-

80 2329 158 2366 lem
182 2332 227 2367 in
235 2295 334 2377 qm
360 2343 428 2368 om.
456 2331 547 2367 LN
555 2331 646 2367 VM
659 2334 671 2378 u
692 2297 889 2378 9Jp1emat
914 2331 961 2376 L,
994 2331 1144 2376 premet
1171 2332 1282 2375 (corr.
1308 2342 1353 2368 ex
1378 2341 1466 2377 pre-

80 2380 164 2415 mat
188 2379 248 2415 Νι
260 2379 653 2426 V¹M²)NVMTOu
675 2384 718 2416 12
746 2382 786 2416 et
804 2360 996 2427 particebs
1020 2379 1051 2415 G
1066 2381 1077 2424 ΙΙ
1098 2383 1142 2414 21
1170 2389 1299 2415 amare
1324 2380 1434 2426 vulqo
1453 2379 1467 2427 ll

83 2430 129 2463 23
154 2426 251 2463 mihi
275 2439 398 2474 nuper
426 2428 511 2465 OM
523 2430 536 2474 ΙΙ
556 2431 604 2464 24
627 2428 880 2464 incautiorem
906 2427 1022 2474 paulo
1052 2427 1083 2464 G
1097 2428 1110 2473 ΙΙ
