1592 2612
607 133 898 171 PRAEFATIO.
1373 133 1445 169 XV

61 240 191 281 forma
229 239 293 279 vix
331 242 394 278 est
431 238 622 291 genuina,
666 248 700 275 v,
733 235 814 276 ind.
849 258 905 263 —
945 234 1000 275 lh.
1030 233 1054 275 7
1094 236 1271 287 itemque
1311 247 1372 287 ep.
1400 235 1442 288 V,

61 299 133 355 20,
157 299 188 340 4
220 311 270 339 ex
307 297 494 352 plurimis
532 295 740 337 codicibus
773 298 982 336 Arelatem
1020 297 1176 348 scripsi.
1210 318 1268 323 -
1300 294 1355 334 lb.
1385 293 1441 336 16

62 373 161 402 reus
199 358 378 400 scrihere
417 359 543 398 satius
581 359 713 397 visum
752 361 830 410 est3
873 360 983 396 recte
1021 357 1129 396 enim
1168 355 1442 396 Chatelainius

61 424 200 462 monet
242 418 358 460 facile
397 430 488 458 esse
530 418 579 458 ad
620 416 954 470 intellegendum,
1000 416 1200 469 quomodo
1238 427 1351 456 meus
1391 428 1442 456 ex

61 493 160 522 reus
192 480 339 520 factum
372 480 437 533 sit,
469 483 608 518 contra
639 490 721 517 non
753 479 861 518 item.
888 499 947 505 -——
972 476 1027 517 Ib.
1056 476 1104 517 de
1137 478 1212 518 sed
1235 489 1270 516 v,
1296 475 1440 528 Eugei-

59 540 234 582 hrechtii
265 539 414 580 librum
447 535 703 578 ‘Untersucb
742 537 844 578 iiber
882 537 918 577 d.
953 536 1130 590 Sprache
1164 537 1200 577 d.
1234 536 1439 577 Claudian.

58 597 193 641 Mam?
224 613 262 654 p.
289 598 366 654 433
405 598 513 640 aliud
552 598 781 651 exemplum
820 597 951 638 simile
985 598 1121 637 inveni
1153 597 1257 650 apud
1292 596 1442 637 Salvia-

60 673 159 702 num
190 673 228 714 p.
255 658 357 714 284,
387 658 442 701 14
462 654 545 715 (Ρ.)
579 662 640 700 illi
670 663 793 699 erant
825 661 867 699 in
900 660 1161 699 abundantia
1192 660 1269 698 sed
1299 660 1366 699 ille
1398 660 1440 698 in

60 726 258 772 eyestate,
296 723 358 761 illi
394 723 437 760 in
473 722 758 770 yratulatione
794 721 870 759 sed
907 722 974 759 ille
1012 721 1054 759 in
1094 721 1236 759 dolore
1274 722 1348 758 etc.
1382 741 1440 746 ——

59 782 108 836 ll,
135 780 174 836 1,
203 780 226 822 1
259 793 333 834 pro
366 783 535 834 quique,
571 781 614 819 in
647 772 725 832 ‹⁶1uo
758 778 852 819 libri
883 779 932 819 ad
964 791 1090 819 unum
1124 791 1281 832 omnes,
1319 779 1441 818 etiam

61 841 334 894 Sangallensis
365 839 504 880 Fausti
531 835 603 896 (G)
636 852 674 880 n.
704 837 803 893 190,
835 841 1105 893 consentiunt,
1137 837 1440 891 Luetjohannus

59 913 275 955 perperam
307 904 456 952 quippe
489 901 662 953 scripsit.
713 899 769 940 De
801 900 878 940 hoc
903 912 981 940 usu
1005 900 1257 952 pronominis
1284 898 1441 939 relativi

60 962 229 1003 antehac
260 960 323 1001 vel
355 960 537 1013 neglecto
570 961 633 1000 vel
664 961 799 1000 minus
832 959 1037 1000 intellecto
1072 956 1272 1015 (iungitur
1305 964 1440 1000 autem

59 1021 364 1062 demonstrativi
396 1020 483 1060 loco
517 1032 609 1060 cum
641 1019 793 1060 voculis
826 1033 916 1074 que,
948 1033 1007 1070 ve,
1040 1033 1149 1071 vero,
1182 1015 1240 1075 et)
1275 1017 1438 1072 V.'quae

58 1083 146 1135 ipse
190 1082 233 1122 in
270 1080 485 1121 Woelfflin.
517 1081 634 1121 Arch.
666 1080 751 1134 VII,
782 1079 872 1122 442
888 1093 945 1134 sq.
991 1082 1178 1134 exposui,
1230 1085 1440 1133 praeterea

58 1141 245 1195 Engelbr.
278 1139 433 1181 ‘Beitn'
466 1154 503 1194 p.
531 1139 558 1182 9
592 1146 632 1181 et
662 1141 851 1181 Bonnetii
882 1141 971 1181 libr.
1006 1138 1058 1181 ‘le
1090 1141 1154 1181 lat.
1189 1140 1224 1181 d.
1253 1140 1369 1193 Greg.
1399 1141 1436 1181 d.

58 1199 205 1242 Tours’
242 1214 280 1255 p.
307 1199 407 1242 302.
476 1201 645 1241 Possum
682 1202 804 1242 huius
848 1203 909 1242 rei
952 1201 1073 1242 latius
1118 1202 1294 1254 patentis
1341 1203 1439 1241 satis

57 1262 183 1303 multa
214 1261 395 1315 exempla
428 1262 588 1315 afferre,
627 1275 728 1315 quae
761 1264 848 1315 ipse
880 1267 1020 1315 postea
1052 1262 1156 1315 apud
1188 1263 1438 1314 posteriores

59 1324 279 1376 scriptores
305 1324 479 1376 repperi,
511 1322 587 1362 alia
612 1322 834 1363 Bonnetius
860 1335 935 1375 per
960 1322 1115 1363 litteras
1142 1334 1302 1362 mecum
1328 1334 1436 1362 com-

58 1384 294 1436 municavit3
333 1395 464 1435 neque
496 1388 631 1423 tamen
663 1383 729 1423 hic
761 1383 873 1423 locus
906 1388 986 1436 est,
1018 1388 1063 1423 ut
1095 1395 1141 1423 ea
1174 1385 1306 1422 omnia
1338 1395 1437 1423 enu-

58 1455 223 1483 merem.
285 1443 400 1495 Apud
439 1443 650 1483 Sidonium
694 1444 835 1484 eadem
878 1445 1108 1484 coniunctio
1155 1444 1332 1483 occurrit
1375 1455 1436 1496 ep.

58 1503 102 1557 V,
133 1502 199 1557 17,
227 1502 250 1544 1
285 1515 489 1553 quamque
521 1509 560 1544 et
591 1510 768 1555 apparet
799 1510 873 1545 aut
903 1517 957 1544 ex
983 1507 1072 1544 ioco
1099 1506 1241 1544 venire
1268 1535 1276 1543 .
1299 1535 1337 1543 ..
1366 1509 1440 1544 aut

60 1576 115 1604 ex
159 1575 301 1604 amore
311 1578 327 1611 ;
372 1563 442 1603 sed
487 1565 608 1603 etiam
646 1576 707 1616 ep.
734 1564 787 1617 II,
813 1562 860 1618 9,
887 1563 913 1604 9
948 1577 994 1604 ex
1028 1563 1140 1603 LNV
1179 1576 1439 1614 quarumque

59 1635 150 1663 meo
190 1623 291 1663 mihi
329 1624 418 1663 iure
457 1625 686 1663 restituisse
730 1624 887 1677 videor,
932 1624 1133 1677 siquidem
1171 1624 1279 1664 nulla
1318 1637 1437 1664 causa

59 1684 279 1736 excogitari
310 1688 455 1737 potest,
487 1696 559 1724 cur
591 1684 850 1724 librariorum
882 1685 965 1724 sive
999 1686 1154 1724 incuria
1187 1686 1269 1724 sive
1296 1684 1436 1725 fraude

58 1743 161 1784 hanc
194 1743 363 1784 formam
394 1745 437 1783 in
470 1756 562 1784 eum
595 1743 728 1784 locum
759 1746 975 1797 irrepsisse
1003 1746 1193 1798 opineris.
1220 1768 1277 1772 —
1303 1744 1359 1785 lb.
1386 1745 1436 1784 de

59 1807 146 1855 ipse
175 1816 210 1843 ν.
237 1816 299 1856 ep.
326 1803 360 1858 Ι,
386 1802 433 1857 9,
461 1803 499 1845 7.
533 1828 590 1833 —
622 1805 676 1845 lb.
704 1804 732 1846 3
764 1804 1098 1857 Engelhrechtius
1133 1802 1286 1845 ‘Rem-3
1312 1818 1350 1858 p.
1381 1803 1435 1846 13

54 1864 312 1915 fugientibus
345 1869 578 1917 corruptum
611 1870 652 1905 et
678 1868 901 1906 otiantibus
926 1865 988 1905 vel
1017 1865 1169 1918 aliquid
1195 1865 1273 1906 tale
1300 1865 1435 1918 legen-

59 1923 154 1964 dum
188 1936 276 1964 esse
310 1930 466 1978 censet3
505 1930 544 1965 et
583 1925 698 1966 facile
732 1931 840 1966 esset
878 1938 951 1979 pro
986 1926 1244 1977 sumentibus
1282 1938 1434 1978 ponere

59 1986 217 2025 civibus
243 1979 312 2040 (cf.
340 1984 366 2035 ξ
393 1984 420 2025 2
453 1988 562 2026 cives
589 2009 647 2014 —
674 1988 909 2040 barbaros),
942 1986 1011 2026 sed
1039 1998 1127 2026 mea
1155 1986 1318 2038 quidem
1345 1998 1435 2026 sen-

57 2045 183 2084 tentia
215 2044 316 2084 nihil
347 2045 583 2086 mutandum
623 2052 694 2086 est.
729 2070 786 2074 -—
819 2046 866 2100 11,
893 2045 932 2100 2,
959 2045 985 2088 3
1025 2059 1106 2086 non
1140 2046 1297 2099 dubito,
1337 2048 1434 2099 quin

59 2104 249 2145 Sidonius
281 2117 421 2145 revera
452 2118 554 2147 sane
585 2109 623 2146 εἰ
649 2110 848 2158 placitum
882 2109 1103 2159 scripserit.
1168 2106 1292 2147 Cuius
1324 2106 1433 2147 locu-

58 2166 181 2204 tionis
213 2166 290 2205 etsi
322 2165 477 2206 nullum
508 2178 676 2218 prorsus
709 2167 840 2207 simile
867 2167 1092 2220 exemplum
1120 2169 1267 2221 inveni,
1298 2172 1434 2207 tamen

59 2236 177 2278 saepe
200 2228 401 2276 placitum
428 2239 514 2267 esse
533 2239 606 2279 pro
627 2228 823 2268 infinitivo
847 2230 1072 2281 praesentis
1092 2228 1281 2280 usurpari
1306 2227 1434 2281 video,

59 2290 104 2325 ut
142 2285 247 2338 apud
278 2285 476 2326 Hilarium
508 2285 532 2326 l.
560 2286 583 2327 l.
610 2300 647 2340 p.
676 2286 775 2341 228,
802 2287 829 2329 3
867 2291 970 2329 sciet
1006 2290 1083 2328 hoc
1123 2290 1197 2328 deo
1232 2290 1434 2339 placitum

57 2357 167 2392 esse;
211 2344 263 2386 ih.
290 2345 396 2400 324,
427 2345 481 2387 15
520 2359 611 2388 cum
657 2350 732 2388 deo
778 2354 930 2389 cuncta
975 2351 1057 2388 sint
1096 2350 1282 2399 placita;
1326 2348 1431 2401 apud

57 2403 173 2458 Greg.
206 2405 354 2446 Turon.
387 2406 423 2447 h.
457 2406 520 2448 Fr.
554 2407 624 2462 111,
651 2407 678 2449 2
719 2411 828 2449 sicut
868 2410 947 2449 tibi
978 2411 1179 2459 placitum
1213 2407 1347 2459 fuerit
1384 2408 1431 2449 al.
