1592 2612
155 79 162 83 '⁷
222 107 454 146 mnomus
477 107 676 146 Domo
701 108 865 146 PAPAE
889 108 1018 146 mro
1045 108 1289 147 SALUTEM.
1367 110 1453 154 127

61 209 218 252 saeculi
251 212 315 252 tui
349 209 543 265 lacobus,
581 211 632 251 de
671 211 844 265 quadam
881 211 1046 265 specula
1084 213 1265 253 caritatis
1295 225 1372 254 nec
1403 213 1454 254 de

60 271 259 313 inferiore
276 270 532 312 Hierusalem
551 276 635 312 tota
655 271 850 313 ecclesiae
872 272 940 313 dei
957 274 1090 313 nostri
1108 272 1292 314 membra
1311 286 1454 328 super-

60 333 252 387 inspicis,
300 332 447 385 dignus
492 333 564 385 qui
607 344 748 373 omnes
798 332 1023 374 consoleris
1073 334 1257 374 infirmos
1302 336 1454 388 quique

60 394 209 434 merito
240 391 292 433 ab
323 391 513 433 omnibus
545 392 781 434 consularis.
834 399 876 434 et
907 394 1004 447 quid
1036 407 1145 435 nunc
1178 406 1252 447 ego
1285 395 1453 448 dignum

60 453 289 507 dignationi
312 453 421 507 huic,
451 455 584 506 putris
610 459 652 494 et
683 454 829 494 faetida
859 461 975 495 reatu
1001 459 1123 509 terra,
1155 454 1453 509 respondeam?
1489 467 1506 493 5

60 512 102 555 2.
128 513 328 567 Colloquii
354 513 542 554 salutaris
567 516 628 555 tui
654 519 696 555 et
721 515 987 567 indigentiam
1013 517 1172 568 patiens
1198 520 1240 556 et
1263 518 1453 558 timorem

58 574 342 615 recordatione
372 575 478 615 vitae
507 574 726 628 plectibilis
753 576 944 630 adducor,
975 581 1022 616 ut
1047 575 1218 616 clamem
1242 577 1319 617 tihi
1344 578 1452 631 quod

60 635 163 676 dixit
199 634 364 676 domino
402 640 497 675 tuus
535 635 603 676 ille
643 635 816 689 collega:
854 638 935 677 exi
973 649 995 677 a
1032 649 1122 691 me,
1162 639 1275 690 quia
1311 638 1452 678 homo

58 701 292 749 peccator
323 709 445 750 sum,
478 696 682 737 domine.
746 697 819 737 sed
852 699 887 737 si
918 699 996 737 iste
1028 700 1153 738 timor
1183 710 1266 738 non
1297 704 1452 752 tempe-

59 761 175 797 retur
206 756 371 811 affectu,
407 769 571 812 vereor,
608 770 659 797 ne
692 756 991 798 Gerasenorum
1029 758 1229 799 destituar
1265 759 1451 813 exemplo
1472 773 1507 799 ιο

60 822 101 857 et
126 816 312 857 discedas
344 830 367 857 a
398 817 549 858 finibus
580 819 696 858 meis.
761 819 860 871 quin
891 820 1027 871 potius
1059 818 1178 872 illud,
1210 820 1318 872 quod
1350 820 1452 861 mihi

58 877 357 918 conducibilius
395 884 475 932 est,
513 878 743 931 conleprosi
773 880 856 919 mei
892 884 933 919 te
971 881 1180 932 proposita
1212 880 1452 921 condicione

58 939 353 992 constringam,
383 943 430 978 ut
461 940 565 979 aiam
596 938 689 979 tibi:
729 941 771 979 si
802 941 894 994 vis,
923 945 1071 993 potes
1103 953 1173 980 me
1206 941 1451 982 mundare.

60 1011 140 1052 qua
176 998 245 1039 ille
277 1000 479 1039 sententia
509 1012 592 1040 non
628 999 720 1053 plus
759 999 808 1040 de
842 999 1004 1041 Christo
1037 1000 1134 1054 quid
1165 1006 1325 1054 peteret
1354 1014 1449 1055 pro-

58 1059 181 1114 didit,
212 1071 332 1112 quam
365 1059 463 1112 quid
496 1060 683 1100 crederet
713 1060 944 1113 publicavit.
1009 1059 1048 1101 3.
1082 1073 1232 1114 ergone
1266 1075 1358 1102 cum
1392 1064 1450 1103 sis
1471 1075 1506 1102 15

57 1119 202 1173 procul
232 1119 420 1173 ambiguo
446 1122 602 1173 primus
629 1123 811 1161 omnium
835 1126 934 1175 toto,
966 1134 1045 1175 qua
1070 1127 1193 1176 patet,
1225 1122 1323 1163 orbe
1349 1135 1450 1176 pon-

56 1181 233 1234 tificum,
265 1193 358 1221 cum
388 1183 691 1234 praerogativae
725 1181 970 1235 subiciatur,
1000 1195 1093 1223 cum
1126 1195 1323 1224 censurae
1355 1189 1449 1224 tuae

58 1241 256 1282 adtremat
293 1242 416 1281 etiam
453 1241 573 1282 turba
610 1242 788 1296 collegii,
833 1255 926 1283 cum
964 1244 1007 1283 in
1045 1245 1253 1295 gravitatis
1290 1249 1449 1285 vestrae

58 1303 402 1355 comparationem
435 1303 524 1355 ipsa
550 1304 670 1343 etiam
698 1303 1019 1355 grandaevorum
1045 1304 1167 1344 corda
1193 1310 1449 1359 puerascant,

59 1374 152 1402 cum
195 1367 288 1415 post
331 1362 548 1403 desudatas
591 1363 760 1403 militiae
804 1363 1033 1404 Lirinensis
1084 1364 1275 1405 excubias
1321 1370 1362 1405 et
1405 1367 1449 1405 in
1469 1379 1505 1405 20

59 1422 279 1475 apostolica
312 1422 408 1462 sede
440 1435 587 1463 novem
618 1426 699 1463 iam
725 1424 896 1464 decursa
930 1426 1206 1477 quinquennia
1231 1427 1447 1479 utriusque

59 1487 292 1523 sanctorum
338 1483 493 1523 ordinis
537 1484 739 1536 quendam
782 1490 822 1524 te
861 1484 1271 1526 conclamatissimum
1308 1488 1450 1539 primi·
1485 1483 1488 1485 ’

58 1543 231 1597 pilarem
263 1543 459 1596 spiritalia
491 1549 621 1584 castra
655 1551 911 1599 venerentur,
942 1550 988 1585 tu
1018 1545 1284 1587 nihilominus
1314 1547 1448 1587 hasta-

57 1609 195 1644 torum
244 1605 681 1657 antesignanorumque
731 1604 938 1658 paulisper
988 1605 1255 1646 contubernio
1305 1619 1450 1660 seque-

59 1669 209 1705 stratus
248 1663 414 1704 ultimos
453 1664 614 1705 calones
652 1670 744 1705 tuos
776 1665 958 1718 lixasque
996 1678 1079 1706 non
1117 1666 1294 1719 despicis
1326 1673 1367 1707 et
1399 1668 1447 1708 ad
1468 1679 1505 1706 25

59 1726 233 1765 extimos
263 1724 549 1779 trahariorum,
582 1727 652 1778 qui
676 1738 751 1778 per
782 1727 1058 1779 insipientiam
1091 1739 1204 1766 suam
1237 1727 1366 1767 adhuc
1396 1728 1447 1768 ad

0 1783 1 1786 ’
59 1786 194 1826 carnis
227 1787 407 1826 sarcinas
440 1785 595 1839 sedent,
627 1788 761 1826 crucis
794 1786 864 1826 diu
895 1792 1076 1839 portatae
1103 1786 1247 1826 vexilla
1274 1789 1448 1828 circum-

58 1846 142 1886 fers
174 1858 221 1886 ac
252 1858 416 1886 manum
447 1846 608 1899 linguae
640 1848 816 1899 porrigis
848 1849 891 1887 in
924 1849 1171 1887 conscientia
1196 1846 1449 1888 vulneratis?

59 1906 101 1946 4.
134 1908 254 1960 nosti,
286 1911 331 1947 ut
364 1912 542 1961 apparet,
580 1920 629 1947 ex
662 1907 829 1948 adversa
861 1909 947 1948 acie
981 1909 1193 1961 sauciatos»,
1226 1908 1307 1948 dux
1339 1914 1447 1949 vete-

57 1979 169 2022 rane,
201 1967 391 2020 colligere
425 1972 465 2007 et
495 1969 770 2020 peritissimus
802 1967 966 2009 tubicen
998 1968 1047 2008 ad
1068 1968 1274 2009 Christum
1307 1981 1329 2009 a
1354 1981 1447 2022 pec·
1467 1981 1506 2008 ao

157 2109 179 2142 8
204 2107 329 2143 Lucas
355 2107 402 2153 V,
423 2110 455 2144 8.
559 2111 603 2144 13
628 2108 751 2144 Lucas
776 2108 822 2155 V,
845 2112 900 2145 12.

58 2153 284 2192 benedictus
315 2156 408 2192 MT
440 2160 475 2192 et
510 2158 595 2199 (om.
623 2156 666 2195 b)
705 2157 753 2201 0‚·
790 2159 837 2201 cf.
871 2157 1023 2194 Ennod.
1058 2169 1098 2203 p.
1126 2159 1283 2201 384,24
1306 2157 1397 2201 (H.)
1432 2158 1446 2203 Η

2 2205 7 2225 ³⁴
61 2206 81 2238 1
107 2202 220 2240 iacob
247 2204 282 2240 T
296 2206 344 2250 112
370 2203 549 2240 inferiore
575 2204 763 2251 LNMT,
795 2205 970 2242 inferiori
1003 2205 1074 2242 VC
1089 2208 1101 2251 Η
1123 2210 1166 2240 15
1194 2216 1333 2253 ergone
1359 2205 1451 2242 LN

61 2251 135 2288 To
155 2256 189 2289 et
213 2254 274 2299 (ne
300 2264 329 2290 8.
356 2254 380 2289 l.
407 2253 494 2289 add.
522 2253 667 2299 M¹)M,
699 2265 790 2300 ergo
824 2254 887 2300 Vu
911 2258 952 2290 19
980 2266 1032 2290 an
1058 2253 1369 2299 comparatione?
1394 2255 1441 2299 cf.

59 2298 227 2338 salvian.
255 2302 327 2346 (ed.
358 2302 503 2348 Pauly)
530 2302 609 2338 ind.
630 2303 643 2348 [Ι
666 2306 711 2338 21
741 2302 957 2349 apostoliea.
981 2301 1021 2337 in
1048 2302 1138 2338 sede
1168 2301 1199 2338 Ο
1218 2305 1231 2347 ΙΙ
1258 2305 1305 2338 23
1331 2302 1442 2346 spiri-

59 2347 184 2384 tualia
210 2348 244 2387 0
262 2351 333 2393 (sic
357 2352 512 2396 semper)
544 2351 557 2396 ΙΙ
588 2353 634 2385 26
659 2350 909 2387 trihariorum
937 2351 985 2395 T,
1018 2349 1238 2386 triariorum
1263 2351 1299 2387 L
1321 2353 1326 2397 Ι
1348 2350 1443 2387 inci-

59 2395 247 2441 pientiam
271 2398 367 2434 LM
383 2399 388 2444 Ι
412 2397 537 2433 adhuc
563 2409 632 2436 om.
662 2398 694 2435 C'
706 2402 720 2445 ΙΙ
