1592 2612
153 130 240 174 256
701 124 908 163 CARMEN
933 124 979 162 v.

334 242 426 270 nam
457 229 583 269 famae
615 227 781 280 pelagus
815 226 947 267 sidere
981 237 1099 266 curro
1133 236 1218 265 suo.

245 293 280 332 si
311 290 469 344 probat,
501 289 668 342 emittit,
702 289 736 327 si
769 287 930 327 damnat
956 287 1152 340 carmina,
1184 283 1306 339 celat,

333 363 408 390 nec
440 361 512 389 nos
545 348 787 388 ronchisono
819 347 1076 387 rhinocerote
1107 349 1230 387 notat.

245 413 277 465 i,
309 411 427 450 liber:
459 410 525 449 hic
557 413 741 449 nostrum
773 411 945 462 tutatur,
979 407 1118 461 crede,
1150 405 1367 460 pudorem3

174 480 218 513 10
333 471 409 510 hoc
440 481 607 510 censore
641 470 761 509 etiam
794 467 1049 521 displicuisse
1082 466 1224 521 placet.

800 621 876 666 IV.

188 705 462 743 PRAEFATIO
489 704 796 742 PANEGYRICI
821 704 954 741 DICTI
978 703 1176 741 DOMINO
1203 701 1512 740 IMPERATORI

250 764 456 803 CAESARI
481 766 615 803 IULIO
642 765 859 802 VALERIO
886 763 1170 802 MAIORIANO
1195 762 1438 801 AUGUSTO.

246 843 407 897 Tityrus
432 847 478 883 ut
510 843 710 896 quondam
741 842 899 895 patulae
933 841 1007 883 suh
1039 842 1216 895 tegmine
1250 841 1330 894 fagi

335 903 512 944 volveret
543 903 701 943 inflatos
735 915 943 943 murmura
974 915 1048 956 per
1079 901 1270 956 calamos,

248 965 449 1018 praestitit
481 963 628 1004 afflicto
661 965 725 1004 ius
757 965 861 1004 vitae
895 963 1042 1004 Caesar
1075 967 1115 1003 et
1150 963 1255 1017 agri,

338 1037 412 1064 nec
446 1026 556 1064 stetit
587 1024 635 1064 ad
667 1029 830 1064 tenuem
863 1024 1009 1064 celsior
1041 1025 1102 1063 ira
1133 1035 1269 1077 reum3

200 1094 221 1126 5
250 1085 320 1125 sed
352 1097 422 1124 rus
454 1097 690 1125 concessum
725 1085 820 1124 dum
853 1084 963 1137 largo
996 1085 1040 1124 in
1070 1085 1255 1137 principe
1288 1081 1441 1137 laudat,

341 1144 495 1185 caelum
527 1157 600 1198 pro
632 1146 755 1185 terris
787 1146 939 1185 rustica
970 1144 1082 1184 Musa
1115 1143 1246 1198 dedit3

248 1217 323 1245 nec
356 1205 430 1245 suit
461 1205 631 1246 inferius
663 1205 862 1246 Phoebeia
893 1205 997 1245 dona
1028 1204 1200 1244 referre:

341 1265 493 1305 fecerat
523 1265 589 1306 hic
622 1266 849 1320 dominum,
882 1266 978 1306 fecit
1010 1270 1050 1305 et
1082 1264 1148 1305 ille
1182 1265 1313 1305 deum.

252 1330 292 1365 et
322 1325 414 1379 tibi,
440 1325 599 1380 Flacce,
632 1328 739 1366 acies
771 1326 887 1367 Bruti
919 1325 1112 1378 Cassique
1146 1329 1284 1366 secuto

183 1394 227 1427 10
345 1387 534 1426 carminis
568 1391 628 1426 est
660 1392 817 1441 auctor,
850 1388 920 1440 qui
951 1387 1028 1426 fuit
1059 1390 1099 1426 et
1130 1387 1283 1426 veniae.

253 1447 311 1486 sic
342 1446 442 1486 mihi
474 1446 630 1487 diverso
664 1460 794 1500 nuper
827 1447 901 1487 sub
934 1446 1060 1487 Marte
1093 1446 1253 1487 cadenti

340 1508 496 1546 iussisti
528 1512 680 1561 erecto,
711 1509 858 1562 victor,
890 1511 935 1548 ut
967 1519 1100 1547 essem
1133 1508 1277 1547 animo.

253 1568 399 1606 serviat
431 1579 525 1619 ergo
558 1567 633 1608 tihi
665 1570 812 1608 servati
844 1568 979 1620 lingua
1010 1572 1152 1620 poetae

343 1631 460 1679 atque
493 1640 605 1667 meae
640 1629 741 1668 vitae
774 1628 860 1668 laus
892 1633 960 1668 tua
993 1629 1046 1668 sit
1077 1628 1264 1681 pretium.

183 1694 225 1727 15
253 1699 333 1726 non
366 1699 437 1739 ego
470 1688 649 1728 mordaci
681 1688 828 1728 fodiam
861 1688 979 1728 modo
1013 1688 1132 1728 dente
1164 1687 1370 1728 Maronem

344 1759 418 1787 nec
452 1749 578 1788 civem
612 1761 789 1802 carpam,
822 1754 930 1789 terra
963 1748 1138 1802 Sabella,
1169 1753 1296 1788 tuum.

253 1819 319 1847 res
351 1809 483 1847 minor
514 1810 675 1860 ingenio
708 1808 842 1863 nobis,
875 1809 946 1849 sed
980 1808 1150 1849 Caesare
1182 1809 1328 1862 maior3

343 1869 503 1908 vincant
535 1868 713 1923 eloquio,
745 1869 960 1909 dummodo
993 1882 1067 1909 nos
1100 1869 1274 1909 domino.

824 2022 877 2066 V.

675 2104 1033 2142 PANEGYRICUS.

347 2179 520 2232 Concipe
552 2182 809 2235 praeteritos,
842 2182 1087 2236 respublica,
1119 2186 1253 2222 mente
1291 2179 1543 2233 triumphos:

287 2241 502 2292 imperium
529 2241 607 2280 iam
640 2240 780 2281 consul
812 2241 943 2295 habet,
977 2255 1097 2295 quem
1129 2254 1308 2296 purpura
1339 2253 1421 2281 non
1452 2239 1543 2293 plus

263 2355 314 2391 lV
340 2361 360 2391 2
389 2356 554 2392 solveret
581 2356 613 2393 Ο
627 2359 639 2404 ΙΙ
661 2360 703 2392 12
732 2358 858 2393 erecto
884 2357 1007 2394 victor
1032 2359 1122 2405 Leo,
1145 2358 1268 2395 vietor
1292 2357 1415 2394 victor
1439 2357 1543 2394 codd.

165 2402 333 2451 (placido
358 2403 481 2441 victor
505 2406 650 2452 vu290)‚·
676 2406 721 2450 cf.
750 2417 779 2442 c.
803 2406 967 2452 XXIII,
986 2410 1035 2444 19
1055 2409 1066 2453 ΙΙ
