1592 2612
162 107 250 151 248

190 278 260 310 290

185 578 255 610 295

184 879 253 911 300

183 1180 252 1212 305

183 1481 253 1513 310

180 1781 248 1813 315

180 2081 250 2114 320

710 106 917 144 CARMEN
941 106 986 143 II.

286 214 393 249 aetas
426 221 522 249 cana
553 213 730 263 patrum,
763 208 869 261 quod
907 208 1076 261 pulchro
1109 208 1335 250 hortamine
1367 210 1540 252 mendax

288 269 462 309 occuluit
492 269 622 321 refugi
653 270 834 309 nutantia
867 269 1030 309 foedera
1060 268 1185 309 Metti.

283 329 340 369 nil
373 329 501 369 simile
534 334 596 369 est
632 328 795 382 fallique
834 333 948 370 tuum
986 329 1061 369 tibi
1093 341 1175 370 non
1205 329 1337 383 placet
1367 330 1538 373 hostem.

281 394 377 430 tunc
408 391 503 429 vicit
535 389 663 443 miles,
697 389 792 429 dum
825 402 868 429 se
899 394 1014 442 putat
1046 402 1135 430 esse
1169 390 1405 446 iuvandum3

281 450 347 489 hic
379 451 485 503 vicit,
517 455 728 502 postquam
762 463 804 490 se
837 451 1034 503 comperit
1067 462 1155 491 esse
1187 450 1386 493 relictum.

283 510 361 550 dux
395 510 512 562 sugit:
545 511 794 564 insequeris3
827 516 993 551 renovat
1024 512 1262 552 certamina:
1294 513 1441 567 vincis3

282 570 496 610 clauditur:
530 583 753 625 expugnas3
786 570 975 611 elabitur:
1009 571 1148 612 obruis
1181 576 1300 625 atque

281 630 521 670 Sarmaticae
554 632 644 683 paci
674 632 852 684 pretium
885 644 956 672 sua
989 632 1132 672 funera
1162 633 1290 685 ponis.

279 695 463 744 paretur3
496 692 652 731 iussum
687 691 811 731 subiit
841 693 921 731 iam
952 693 1158 746 transfuga
1189 692 1315 734 letum

279 755 397 803 atque
428 753 641 803 peregrino
675 752 821 792 cecidit
851 758 919 792 tua
951 754 1110 793 victima
1144 753 1262 794 ferro.

281 823 373 850 ecce
409 812 573 865 iterum,
606 813 641 851 si
673 812 776 852 forte
808 812 956 867 placet,
989 813 1178 869 conflige,
1210 818 1410 869 vetustas3

280 870 475 911 Hannibal
507 871 574 911 ille
606 873 719 912 ferox
752 873 799 912 ad
832 885 1005 926 poenam
1037 875 1141 914 forte
1173 875 1342 927 petitus,

280 932 357 971 etsi
387 944 468 972 non
500 931 640 972 habuit
670 934 732 973 ius
765 935 868 974 vitae
900 935 979 975 fine
1012 947 1221 989 suprem0‚

280 996 387 1032 certe
419 992 559 1032 habuit
590 995 750 1033 mortis:
784 1007 904 1046 quem
937 1008 1081 1036 caecus
1114 1008 1253 1036 carcer
1284 1000 1326 1036 et
1356 1007 1490 1036 uncus

281 1056 320 1091 et
352 1065 471 1105 quem
504 1053 760 1106 exspectabat
791 1054 993 1095 fracturus
1025 1060 1187 1108 guttura
1219 1055 1355 1111 lictor,

280 1111 414 1152 hausit
445 1112 639 1166 Bebrycio
674 1117 921 1155 constantior
953 1115 1112 1169 hospite
1144 1117 1274 1171 virus3

279 1184 370 1212 nam
403 1179 442 1212 te
476 1175 545 1226 qui
571 1174 690 1229 fugit,
722 1175 908 1216 mandata
939 1182 1069 1216 morte
1087 1171 1353 1231 peremptus»,

279 1244 359 1272 non
390 1237 471 1272 tam
503 1235 666 1274 victoris
698 1237 818 1287 periit
851 1249 971 1289 quam
1002 1237 1148 1277 iudicis
1182 1249 1263 1278 ore.

339 1292 453 1333 Nunc
486 1294 600 1348 ades,
632 1307 654 1334 o
686 1295 837 1350 Paean,
869 1296 981 1337 lauro
1015 1299 1081 1338 cui
1113 1310 1258 1351 grypas
1291 1297 1472 1338 obuncos

280 1352 395 1392 docta
427 1353 560 1406 lupata
592 1354 732 1410 ligant,
766 1358 954 1408 quotiens
984 1370 1059 1410 per
1090 1358 1256 1398 frondea
1287 1358 1373 1398 lora

280 1412 410 1453 flectis
441 1415 673 1466 penniferos
705 1416 866 1457 hederis
898 1417 1146 1458 bicoloribus
1179 1431 1329 1473 armos3

279 1473 357 1513 huc
390 1480 576 1515 converte
610 1476 768 1530 chelyn:
801 1490 881 1518 non
914 1483 976 1518 est
1007 1479 1126 1519 modo
1159 1479 1295 1520 dicere
1326 1483 1489 1532 tempus

277 1532 456 1586 Pythona
489 1537 731 1577 exstinctum
763 1550 838 1578 nec
870 1538 934 1578 bis
968 1544 1133 1592 septena
1167 1552 1310 1580 sonare

276 1593 440 1634 vulnera
472 1595 744 1651 Tantalidum,
777 1611 949 1650 quorum
981 1599 1056 1639 tibi
1088 1600 1230 1641 funera
1262 1604 1395 1640 servat

277 1659 416 1694 cantus
449 1661 488 1695 et
520 1661 683 1697 aeterno
715 1659 853 1698 vivunt
884 1660 926 1699 in
959 1661 1137 1701 carmine
1170 1665 1333 1701 mortes.

277 1726 346 1753 vos
380 1727 557 1770 quoque,
591 1716 828 1772 Castalffles,
861 1721 1018 1775 paucis,
1052 1733 1131 1773 quo
1162 1722 1328 1761 numine
1355 1720 1475 1761 nohis

275 1777 430 1814 venerit
454 1776 689 1818 Anthemius
722 1781 873 1831 gemini
904 1793 996 1820 cum
1029 1780 1190 1821 foedere
1223 1783 1356 1835 regni,

275 1834 455 1886 pandite:
487 1849 563 1888 pax
595 1850 732 1878 rerum
764 1841 874 1880 misit
907 1842 976 1893 qui
1006 1840 1110 1882 bella
1142 1840 1351 1894 gubernet.

336 1894 510 1935 Auxerat
541 1897 744 1950 Augustus
777 1904 943 1940 naturae
975 1900 1062 1954 lege
1090 1901 1262 1942 Severus

277 1953 459 1994 divorum
491 1969 715 1999 numerum.
779 1973 898 2012 quem
930 1973 1023 2001 mox
1055 1961 1248 2003 Oenotria
1279 1975 1417 2003 casum

276 2014 375 2054 vidit
407 2020 451 2054 ut
483 2019 590 2056 aerei
622 2018 670 2058 de
703 2020 871 2072 rupibus
904 2020 1150 2077 Appennini,

276 2076 409 2126 pergit
440 2077 614 2117 caerulei
645 2080 792 2120 vitreas
826 2081 874 2120 ad
907 2081 1123 2135 Thybridis
1156 2082 1295 2137 aedes,

278 2146 358 2173 non
391 2134 500 2187 galea
533 2138 720 2179 conclusa
752 2153 874 2192 genas
909 2137 1002 2196 (nec
1036 2143 1168 2183 sutilis
1201 2142 1260 2183 illi

253 2289 320 2321 291
348 2287 440 2334 non]
467 2299 536 2324 nec
563 2289 649 2336 PT,
674 2292 760 2335 fort.
787 2297 881 2329 recte
913 2296 925 2339 ΙΙ
954 2297 1023 2330 303
1051 2294 1254 2340 spectabat
1281 2294 1313 2331 0
1333 2296 1346 2342 ΙΙ
1372 2299 1443 2332 318
1469 2295 1534 2332 vix

161 2332 407 2370 Wilamowitz
438 2336 449 2380 ΙΙ
482 2339 550 2372 319
577 2337 686 2385 vidit,
713 2340 752 2375 et
777 2340 989 2387 Buecheler,
1016 2344 1059 2378 ut
1085 2342 1194 2379 videt
1217 2343 1316 2390 Leo;
1338 2345 1403 2381 sed
1428 2345 1476 2390 cf.
1502 2356 1534 2382 c.

161 2381 229 2428 VI,
249 2386 296 2419 19
322 2383 483 2428 protulit
508 2386 551 2420 ut
576 2397 662 2422 mox
688 2388 726 2423 te
745 2390 758 2434 ss
