1592 2612
142 110 229 153 318
672 110 878 148 CARMEN
904 111 982 149 xv.

262 211 405 252 Thales
437 212 502 252 hic
535 213 655 252 etiam
686 214 867 253 numeris
900 214 1102 269 perquirit
1133 218 1174 255 et
1205 216 1343 270 astris,

191 280 237 313 80
264 273 465 313 defectum
497 276 541 312 ut
571 272 723 313 Phoebi
754 285 828 314 nec
861 286 942 313 non
975 273 1191 328 Lunaeque
1223 274 1403 317 laborem

261 334 419 373 nuntiet
451 334 648 387 anterius3
676 334 746 374 sed
778 334 901 374 rebus
934 335 1075 376 inutile
1107 337 1222 389 ponit

259 395 520 447 principium,
553 394 648 434 dum
681 394 809 434 credit
842 397 956 447 aquis
990 395 1213 437 subsistere
1245 398 1453 440 mundum.

259 454 378 494 huius
411 454 598 507 discipuli
630 467 745 495 versa
778 460 839 495 est
872 457 1071 496 sententia
1103 456 1243 498 dicens

256 515 468 567 principiis
500 516 678 567 propriis
711 528 872 569 semper
903 529 969 556 res
1003 529 1181 571 quasque
1214 520 1363 573 creari,

187 582 230 614 85
259 574 413 626 singula
447 576 515 627 qui
549 575 742 628 quosdam
775 576 905 616 fontes
933 577 1116 618 decernit
1146 578 1296 619 hahere

258 639 466 675 aeternum
498 637 672 688 irriguos
705 649 750 676 ac
782 650 919 677 rerum
953 640 1107 679 semine
1139 638 1294 692 plenos.

257 695 363 735 hunc
396 697 516 735 etiam
549 698 749 751 sequitur,
783 699 852 750 qui
885 699 1050 751 gignere
1083 704 1227 740 cuncta
1257 700 1423 754 putabat

256 755 332 795 hoc
365 756 518 796 caelum
550 759 783 810 pariterque
817 758 914 798 deos
946 760 1006 799 sic
1039 764 1219 800 autumat
1251 766 1373 802 ortos.

256 821 422 868 quartus
454 816 707 870 Anaxagoras
740 818 942 859 Thaletica
976 820 1160 873 dogmata
1193 827 1343 876 servat,

182 883 228 915 90
256 876 325 916 sed
359 876 535 917 divinum
569 879 747 919 animum
781 881 920 934 sentit,
955 881 1024 933 qui
1056 881 1199 922 fecerit
1231 881 1381 924 orbem.

252 937 386 976 iunior
417 938 512 978 huic
545 940 706 979 iunctus
739 940 890 981 residet
922 940 1092 996 collega,
1125 942 1196 982 sed
1227 942 1335 983 idem

257 999 465 1037 materiam
499 1001 654 1039 cunctis
688 1002 884 1041 creaturis
918 1014 1010 1041 aera
1042 1002 1212 1043 credens

255 1057 403 1098 iudicat
435 1059 527 1098 inde
561 1060 698 1114 deum,
730 1061 881 1101 faceret
914 1074 992 1115 quo
1026 1068 1188 1117 cuncta,
1220 1063 1375 1105 tulisse.

248 1123 339 1170 post
370 1118 442 1158 hos
473 1119 670 1160 Arcesilas
707 1121 840 1162 divina
873 1127 1006 1163 mente
1039 1128 1218 1176 paratam

176 1184 221 1216 95
249 1180 396 1218 conicit
430 1179 531 1220 hanc
564 1181 728 1235 molem,
762 1183 983 1223 confectam
1015 1183 1199 1236 partibus
1232 1184 1330 1239 illis,

249 1250 347 1290 quas
380 1243 532 1280 atomos
564 1247 678 1282 vocat
710 1244 796 1295 ipse
830 1242 949 1284 leves.
1009 1244 1213 1285 Socratica
1243 1250 1336 1298 post
1366 1246 1474 1288 hunc

249 1303 357 1338 secta
389 1302 527 1355 micat,
560 1314 660 1354 quae
694 1303 742 1343 de
775 1308 942 1344 naturae
975 1305 1152 1357 pondere
1186 1307 1364 1358 migrans

246 1358 293 1398 ad
325 1371 459 1400 mores
490 1361 698 1402 hominum
730 1363 927 1404 limandos
959 1365 1166 1406 transtulit
1196 1379 1327 1407 usum.

244 1418 346 1458 hanc
379 1426 527 1461 sectam
559 1423 774 1475 perhibent
806 1437 1009 1466 summum
1042 1426 1268 1467 excoluisse
1299 1427 1476 1483 Platona,

149 1486 216 1518 100
245 1480 315 1518 sed
347 1480 498 1533 triplici
530 1483 724 1524 formasse
757 1485 894 1540 modo,
928 1486 1023 1526 dum
1055 1488 1211 1539 primus
1245 1492 1285 1528 et
1315 1501 1421 1529 unus

242 1539 406 1592 physica
438 1542 500 1582 vel
532 1542 679 1598 logico,
712 1544 887 1597 logicum
919 1546 981 1586 vel
1014 1548 1142 1600 iungit
1174 1547 1222 1588 ad
1256 1548 1381 1589 ethos.

241 1601 393 1640 invenit
424 1602 489 1642 hic
521 1605 731 1659 princeps,
765 1606 861 1659 quid
894 1608 1025 1659 prima
1057 1609 1233 1648 essentia
1266 1608 1388 1650 distet

242 1672 262 1698 a
297 1673 451 1701 summo
486 1669 678 1717 sextoque
711 1665 837 1720 hono,
871 1680 963 1707 cum
996 1668 1170 1721 denique
1205 1681 1298 1709 saxa

242 1721 321 1760 sint
352 1726 507 1762 tantum
538 1727 781 1778 penitusque
814 1727 914 1767 nihil
946 1729 1026 1768 nisi
1058 1741 1146 1769 esse
1179 1729 1420 1785 probentur3

146 1787 212 1819 105
240 1783 421 1832 proxima
448 1785 675 1839 succedant,
692 1786 837 1838 quibus
858 1801 947 1828 esse
963 1793 1002 1829 et
1021 1791 1156 1829 vivere
1176 1795 1408 1843 promptum
1422 1795 1500 1845 est,

239 1840 384 1881 addere
419 1845 508 1895 quis
540 1847 672 1897 possis
705 1846 761 1886 nil
794 1848 983 1903 amplius,
1016 1848 1136 1890 arbor
1168 1854 1209 1890 et
1239 1850 1382 1906 herba3

239 1902 357 1940 tertia
392 1904 443 1944 sit
474 1916 684 1960 pecorum,
718 1919 888 1959 quorum
923 1922 1011 1949 esse
1045 1915 1085 1950 et
1116 1911 1250 1950 vivere
1283 1916 1395 1952 motu

241 1972 322 2000 non
354 1968 464 2003 caret
497 1969 535 2004 et
568 1978 708 2020 sensu3
741 1968 929 2009 mortales
964 1975 1104 2022 quarta
1137 1970 1280 2011 deinde

238 2022 428 2073 respiciat
461 2024 612 2064 factura
646 2038 740 2066 suos
750 2059 762 2081 ,
799 2028 945 2081 quibus
979 2043 1088 2084 esse,
1121 2033 1292 2085 moveri,

144 2088 213 2120 110
240 2082 372 2121 vivere
407 2096 497 2123 cum
531 2097 652 2125 sensu
685 2087 818 2142 datur,
852 2095 891 2129 et
924 2092 1200 2143 supereminet
1231 2091 1348 2146 illud,

211 2199 257 2231 88
283 2196 365 2251 hoc·
383 2199 530 2235 eaelum
556 2212 638 2248 eqo,
662 2201 762 2238 hunc
789 2215 915 2240 aerem
941 2207 1044 2243 codd.
1072 2209 1186 2254 (aera,
1212 2218 1282 2243 nos
1315 2207 1494 2245 Wilamo-

111 2244 217 2289 wit2;
243 2244 306 2290 qui
337 2245 596 2297 [lmmensum]
624 2249 780 2296 gignere
808 2255 944 2289 cuncta,
973 2256 977 2299 Ι
1008 2265 1099 2290 aera
1125 2255 1181 2291 ait
1205 2256 1297 2302 Leo)
1321 2257 1334 2302 ΙΙ
1360 2260 1405 2292 94
1432 2267 1492 2292 ar-

111 2290 274 2328 chesilas
304 2293 427 2340 OPF,
455 2296 688 2333 archesilaus
710 2300 745 2334 T
769 2299 1009 2345 (Archelaum
1034 2304 1199 2341 debuisse
1223 2305 1427 2349 nominari,
1451 2309 1494 2341 ut

109 2352 141 2377 v.
163 2344 214 2378 89
239 2340 511 2390 Anaximenea,
536 2357 614 2382 ‘non
642 2347 835 2385 Thaletica
860 2351 1033 2397 doymata
1058 2356 1179 2389 monet
1203 2353 1296 2398 Leo)
1329 2353 1335 2399 Ι
1362 2354 1492 2399 patra-

110 2389 192 2424 tam
221 2389 279 2437 Cu
301 2394 370 2427 104
397 2391 471 2427 nisi
497 2393 548 2440 id,
576 2405 669 2441 esse,
697 2396 772 2432 Leo
792 2398 804 2442 Η
827 2400 893 2434 106
922 2398 1055 2435 arbore
1083 2400 1236 2447 PTFn
