1592 2612
146 143 238 186 204
657 136 805 174 LIBER
829 134 1009 172 NONUS.

807 293 863 337 II.
1451 330 1454 333 ,

223 379 450 418 SIDONIUS
475 378 672 416 DOMINO
699 375 858 412 PAPAE
885 373 1176 411 EUPHRONIO
1203 372 1447 410 SALUTEM.

243 457 279 498 1.
312 456 446 497 Albiso
479 457 646 496 antistes
677 452 952 505 Proculusque
985 451 1138 505 levites,
1169 450 1261 490 ideo
1292 449 1410 506 nobis
1441 447 1527 490 mo-

151 531 241 559 rum
284 517 465 570 magistri
508 514 814 568 pronuntiandi,
869 514 961 565 quia
1014 512 1140 552 vestri
1182 514 1392 551 merentur
1436 521 1526 550 esse

152 577 350 632 discipuli,
363 577 518 617 litteras
532 574 776 628 detulerunt,
796 585 966 626 quarum
985 584 1049 612 me
1071 575 1325 612 sacrosancto
1346 570 1528 611 donastis

115 651 132 678 5
153 639 289 692 affatu3
328 649 428 690 quae
460 641 594 676 tamen
626 635 783 675 litterae
815 633 1036 687 plurimum
1066 631 1185 672 nobis
1216 631 1405 684 honoris,
1436 629 1528 683 plus

152 700 286 738 oneris
312 700 520 750 inponunt.
572 695 677 736 unde
705 699 745 734 et
775 696 953 747 ipsarum
990 694 1049 733 sic
1080 691 1362 733 benedictione
1388 690 1530 744 laetor,

154 758 258 811 quod
291 758 540 798 iniunctione
574 754 815 807 confundor,
855 755 1003 807 quippe
1037 753 1108 806 qui
1140 765 1188 792 ex
1222 764 1311 792 asse
1342 750 1528 791 turbatus

152 818 215 858 vel
247 831 295 858 ex
326 822 440 871 parte
472 829 552 856 non
584 828 719 869 pareo.
782 814 930 854 iubetis
964 815 1073 853 enim
1103 818 1186 853 tam
1218 812 1376 852 diversa
1408 822 1528 864 quam

152 880 275 918 nimia
308 877 579 930 explicarique
620 876 838 915 decernitis
881 887 1004 929 opus,
1043 873 1150 927 quod
1191 872 1239 913 ab
1279 873 1531 912 extremitate

101 951 135 977 ιο
155 951 243 979 mea
282 943 362 978 tam
401 937 562 977 difficile
601 935 825 988 completur
864 947 983 987 quam
1021 933 1287 987 inprudenter
1325 932 1529 985 incipitur.

155 998 193 1039 2.
239 998 309 1038 sed
349 999 383 1038 si
422 996 726 1050 amplitudinem
763 997 806 1035 in
843 995 956 1035 vobis
994 995 1157 1047 pietatis
1196 997 1386 1046 expertae
1425 991 1530 1032 bene

153 1060 321 1112 metior,
365 1057 455 1110 plus
494 1057 723 1110 laborastis,
767 1061 813 1095 ut
856 1055 1022 1095 affectus
1063 1055 1189 1094 vestri
1233 1052 1367 1093 cordis
1412 1064 1532 1105 quam

155 1120 285 1159 nostri
317 1119 450 1171 operis
483 1118 649 1157 effectus
681 1115 967 1169 publicaretur.
1019 1127 1150 1167 neque
1178 1115 1298 1167 enim,
1319 1124 1411 1153 cum
1435 1111 1530 1152 Hie-

156 1191 347 1231 ronymus
379 1179 593 1230 interpreS,
626 1176 858 1216 dialecticus
884 1176 1144 1228 Augustinus,
1176 1173 1416 1226 allegoricus
1443 1171 1531 1212 Ori—

103 1250 137 1277 15
159 1251 281 1292 genes
320 1237 502 1290 gravidas
543 1237 618 1276 tibi
657 1236 897 1289 spiritalium
936 1247 1128 1276 sensuum
1162 1235 1292 1287 spicas
1325 1233 1532 1273 doctrinae

160 1298 332 1339 salubris
370 1310 502 1337 messe
546 1299 789 1350 parturiant,
830 1309 938 1336 nunc
980 1295 1135 1336 scilicet
1178 1294 1254 1334 tibi
1295 1306 1316 1333 a
1347 1292 1532 1346 partibus

158 1360 261 1399 meis
282 1358 391 1398 arida
411 1359 627 1397 ieiunantis
652 1357 810 1409 linguae
837 1355 984 1410 stipula
1010 1354 1275 1408 crepitabunt.
1318 1353 1395 1394 hoc
1420 1364 1534 1393 more

158 1425 204 1459 tu
235 1423 275 1458 et
308 1417 472 1457 olorinis
506 1417 688 1457 cantibus
721 1429 885 1457 anseres
917 1428 1033 1457 ravos
1067 1421 1107 1456 et
1139 1414 1380 1455 modificatis
1411 1413 1534 1453 lusci-

160 1480 320 1519 niarum
359 1477 548 1530 querellis
581 1477 843 1530 inproborum
881 1489 1092 1530 passerum
1130 1474 1429 1528 fringultientes
1468 1485 1534 1513 su-

107 1550 141 1577 20
161 1551 300 1579 surros
326 1539 413 1578 iure
435 1538 660 1578 sociaveris.
707 1535 745 1578 3.
773 1537 869 1590 quid
897 1536 1003 1589 quod
1031 1538 1089 1576 sic
1116 1547 1274 1589 quoque
1301 1538 1536 1587 arroganter

161 1600 276 1645 fieret
316 1598 645 1651 indecenterque,
684 1599 719 1637 si
765 1599 918 1650 negotii
949 1597 1154 1650 praecepti
1192 1595 1350 1648 pondus
1392 1605 1534 1647 aggre-

162 1659 292 1712 derer,
323 1670 450 1698 novus
477 1657 647 1697 clericus
673 1663 859 1710 peccator
886 1659 1087 1711 antiquus,
1115 1657 1284 1697 scientia
1314 1655 1394 1695 levi
1419 1655 1531 1707 gravi

162 1720 420 1771 conscientia,
451 1717 638 1757 videlicet
668 1722 724 1771 ut,
757 1719 792 1757 si
818 1719 1013 1771 scriptum
1040 1728 1295 1770 quocumque
1320 1715 1537 1766 misissem,

163 1791 339 1832 persona
372 1790 459 1817 mea
492 1790 567 1817 nec
598 1783 694 1817 tunc
727 1777 886 1817 abesset
917 1779 1018 1818 risui
1049 1777 1310 1829 iudicantum,
1342 1787 1434 1815 cum
1467 1773 1535 1814 de·

108 1850 142 1876 25
163 1839 306 1878 fuisset
343 1835 528 1877 obtutui?
584 1850 652 1891 ne,
692 1850 857 1891 quaeSO,
896 1838 1056 1878 domine
1088 1849 1208 1891 papa,
1245 1836 1368 1876 nimis
1400 1835 1536 1886 exigas

162 1898 444 1939 verecundiam
470 1910 600 1937 meam
627 1897 969 1950 qualitercumque
996 1898 1218 1938 latitantem
1245 1896 1377 1948 coepti
1403 1895 1537 1948 operis

261 2029 282 2060 5
309 2024 429 2061 affatu
465 2024 507 2067 o,
541 2024 679 2060 affeetu
710 2010 787 2070 (vel
819 2025 859 2060 fa.
884 2036 911 2061 s.
939 2027 961 2062 z.
996 2026 1083 2062 aad.
1111 2024 1239 2070 N¹T²,
1273 2023 1335 2059 vel
1366 2033 1390 2058 a
1416 2021 1540 2068 M¹)L

165 2075 210 2111 N
212 2075 258 2110 M
268 2074 319 2116 T,·
345 2074 392 2118 cf.
418 2084 471 2118 ep.
492 2073 569 2117 IX,
589 2077 624 2118 8,
644 2078 663 2108 1
692 2072 811 2108 affatu
838 2074 1003 2109 secundo
1029 2073 1093 2109 vel
1117 2073 1245 2119 potius
1270 2069 1540 2107 benedictione

165 2122 328 2158 donatus
348 2123 360 2167 ΙΙ
380 2125 400 2157 9
420 2120 541 2156 nimia
554 2121 600 2166 L,
625 2120 782 2156 minima
796 2121 840 2156 N
843 2122 893 2156 M
898 2121 968 2157 OT
988 2125 993 2166 1
1016 2120 1201 2168 explicari
1220 2131 1316 2165 quae
1330 2119 1367 2155 L
1385 2121 1397 2165 ΙΙ
1418 2121 1463 2154 10
1482 2117 1539 2153 in-

164 2169 370 2217 prudenter
390 2169 425 2204 L
444 2173 478 2206 et
499 2171 569 2215 (pr.
591 2181 609 2203 r
629 2180 719 2205 eras.
735 2169 779 2205 N
782 2170 808 2212 ¹)
818 2169 868 2214 Ν,
894 2168 1136 2215 impudenter
1154 2169 1206 2205 M
1210 2169 1280 2205 GT
1295 2169 1308 2214 ΙΙ
1328 2171 1372 2202 13
1398 2165 1538 2212 neque]

165 2219 260 2254 haec
286 2218 491 2254 Mommsen
527 2219 538 2261 11
579 2221 622 2252 16
648 2228 747 2251 nunc
772 2217 826 2262 L,
864 2228 941 2252 non
974 2220 1082 2262 (corr.
1116 2229 1161 2254 ex
1192 2228 1285 2252 num
1309 2215 1439 2261 N¹)N
1441 2214 1539 2259 MT,

165 2278 257 2302 num
286 2265 317 2302 Ο
335 2266 340 2311 Ι
363 2277 385 2300 a
411 2277 477 2301 om.
500 2265 546 2300 N
548 2265 599 2300 M
606 2264 676 2301 GT
692 2267 703 2310 11
730 2268 772 2300 17
801 2276 853 2301 a'n
879 2264 1009 2301 aridae
1031 2294 1062 2302 ..
1084 2265 1273 2311 stipulae?
1299 2263 1540 2309 Luetjohann

169 2316 174 2361 1
216 2313 458 2360 crepitabunt
489 2313 525 2348 L
562 2317 596 2349 et
634 2316 741 2357 (corr.
768 2313 811 2348 in
843 2313 1049 2359 crepitabit
1075 2313 1213 2358 N1)N‚
1258 2310 1464 2358 crepitabit
1494 2310 1541 2346 M

168 2362 239 2400 OT
255 2364 339 2446 11ΖῖΤο
356 2361 419 2457 usio
446 2362 694 2407 Elmenhorst,
721 2360 753 2396 si
778 2361 827 2407 L,
852 2373 917 2397 om.
940 2361 985 2397 Ν
989 2362 1039 2397 Μ
1044 2362 1114 2398 OT
1142 2364 1153 2408 ΙΙ
1185 2365 1229 2397 21
1259 2358 1480 2407 aggredirer
1505 2357 1541 2393 L

168 2414 259 2457 (non
318 2414 337 2456 )
