1592 2612
644 116 855 154 GARMEN
878 116 926 152 Π.
1388 116 1479 160 243

212 219 379 260 Paeonii
408 219 563 259 iactans
587 217 807 271 Epidauria
839 219 954 271 signa
986 217 1186 259 draconis.

212 279 363 320 multos
394 280 612 320 cinxerunt
642 278 798 332 aquilae
832 278 1092 332 subitumque
1123 291 1198 332 per
1231 277 1372 320 orbem

212 339 311 381 lusit
340 344 531 380 venturas
562 339 792 380 famulatrix
823 352 957 393 penna
989 352 1171 380 coronas.

212 406 275 442 ast
304 400 431 454 hunc,
462 401 616 453 egregii
647 413 860 455 proceres,
892 400 942 440 ad
975 405 1135 453 sceptra
1165 402 1302 441 vocari

116 469 186 502 130
212 463 293 502 iam
323 466 411 502 tum
435 473 557 501 nosse
589 461 726 501 datum
753 466 833 515 est,
864 460 1017 501 laribus
1044 473 1137 501 cum
1162 461 1267 502 forte
1292 463 1475 515 paternis

209 521 380 576 protulit
410 522 572 562 excisus
603 523 685 562 iam
716 533 799 561 non
831 534 904 562 sua
935 523 1119 574 germina
1149 521 1316 574 palmes.

210 583 374 636 imperii
403 595 476 622 ver
506 581 606 622 illud
639 587 743 637 erat3
775 581 851 622 sub
882 583 1057 635 imagine
1090 582 1246 622 frondis

210 643 352 684 dextra
382 655 458 696 per
488 647 671 683 arentem
703 642 903 683 florebant
934 644 1069 683 omina
1102 644 1264 696 virgam.

210 708 251 744 at
280 708 494 757 postquam
525 704 680 756 primos
712 703 845 743 infans
878 708 1066 756 exegerat
1097 715 1242 758 annos,

114 771 184 804 135
210 763 396 818 reptabat
426 776 550 817 super
573 776 695 804 arma
726 765 872 818 patris,
905 776 1105 817 quamque
1138 768 1224 804 arta
1254 764 1413 805 terebat

209 823 400 865 lammina
431 826 631 865 cervicem
662 826 821 877 gemina
853 824 1088 877 complexus
1119 824 1168 864 ab
1201 824 1295 865 ulna

210 884 332 926 livida
363 884 506 925 laxatis
538 884 715 925 intrabat
746 885 795 925 ad
831 885 969 925 oscula
1001 886 1148 925 cristis.

210 945 330 986 ludus
362 950 451 986 erat
479 957 607 999 puero
639 950 776 999 raptas
808 958 858 986 ex
890 945 1006 986 hoste
1040 947 1205 998 sagittas

210 1006 356 1047 festina
386 1011 562 1047 tractare
593 1018 715 1046 manu
748 1011 967 1059 captosque
998 1018 1073 1059 per
1104 1019 1223 1046 arcus

113 1074 182 1108 140
208 1066 312 1108 flexa
342 1066 589 1107 reluctantes
620 1068 663 1107 in
696 1079 848 1107 cornua
879 1066 1046 1107 trudere
1076 1079 1242 1120 nervoS,

207 1140 317 1168 nunc
347 1127 567 1168 tremulum
598 1131 740 1168 tenero
772 1127 949 1168 iaculum
980 1132 1171 1180 torquere
1203 1127 1354 1168 lacerto

208 1190 332 1241 inque
365 1188 574 1228 frementis
606 1189 702 1241 equi
732 1187 899 1228 dorsum
931 1200 1024 1228 cum
1055 1187 1234 1241 pondere
1267 1189 1377 1229 conti

206 1249 368 1290 indutas
401 1248 578 1302 Chalybu
653 1248 757 1289 saltu
790 1249 1012 1289 transferre
1045 1253 1225 1302 catenas,

206 1311 392 1350 inventas
424 1261 715 1362 agitarenleras
746 1314 787 1349 et
819 1309 962 1349 fronde
994 1309 1166 1349 latentes

113 1377 182 1411 145
210 1382 424 1423 quaerere,
456 1369 677 1423 deprensas
708 1369 828 1409 modo
860 1369 1047 1410 claudere
1081 1368 1265 1410 cassibus
1297 1371 1415 1424 artis,

210 1442 318 1471 nunc
349 1435 456 1470 torto
488 1435 702 1482 penetrare
734 1442 851 1470 veru:
883 1435 971 1470 tum
1002 1442 1122 1482 saepe
1155 1430 1312 1482 fragore

207 1490 364 1530 laudari
397 1492 611 1544 comitum,
642 1490 834 1530 frendens
867 1503 958 1530 cum
990 1490 1109 1530 belua
1140 1490 1295 1530 ferrum

208 1552 333 1591 ferret
365 1555 405 1590 et
435 1552 607 1590 intratos
639 1552 798 1590 exirent
829 1563 939 1590 arma
971 1563 1046 1603 per
1078 1562 1223 1590 armos.

207 1611 334 1652 conde
366 1610 665 1664 Pelethronios,
697 1610 831 1651 alacer
860 1623 963 1663 puer
995 1616 1035 1651 et
1065 1616 1254 1664 venator,

110 1680 179 1713 150
205 1671 397 1725 Aeacida,
429 1671 585 1725 titulos,
620 1683 862 1725 quamquam
895 1671 1077 1711 subiecta
1107 1673 1292 1724 magistri

205 1737 318 1785 terga
349 1744 541 1785 premens
573 1737 614 1772 et
646 1731 696 1772 ob
729 1732 806 1772 hoc
839 1744 1008 1772 securus
1035 1731 1163 1772 lustra
1193 1744 1411 1784 pererrans

204 1797 251 1833 tu
281 1794 418 1846 potius
449 1794 651 1845 regereris
684 1805 800 1845 equo.
863 1804 946 1832 non
976 1794 1162 1845 principe
1194 1797 1333 1832 nostro

206 1853 360 1906 spicula
392 1852 541 1893 direxit
571 1852 716 1894 melius
748 1852 927 1906 Pythona
960 1859 1195 1906 superstans

204 1913 355 1967 Paean,
388 1925 480 1953 cum
514 1926 635 1953 vacua
667 1913 854 1954 turbatus
886 1925 1014 1966 paene
1045 1913 1234 1966 pharetra

110 1981 180 2015 155
207 1974 350 2027 figeret
381 1975 609 2014 innumeris
640 1985 858 2014 numerosa
889 1973 1093 2014 volumina
1125 1973 1229 2014 telis.

266 2034 350 2074 Nec
383 2036 517 2074 minus
550 2033 649 2075 haec
681 2035 789 2074 inter
819 2039 977 2075 veteres
1010 2034 1150 2074 audire
1184 2033 1407 2087 sophistas:

205 2094 342 2135 Mileto
375 2094 483 2148 quod
516 2099 627 2135 crete
659 2094 806 2135 Thales
837 2094 1066 2135 vadimonia
1098 2093 1255 2149 culpas3

204 2154 349 2196 Lindie
383 2154 490 2208 quod
524 2154 715 2195 Cleobule
748 2157 859 2195 canis
894 2152 1053 2195 ‘modus
1086 2156 1263 2207 optimus
1295 2151 1418 2210 esto'3

207 2228 256 2256 ex
288 2215 408 2269 Efyra
440 2221 570 2255 totum
601 2215 811 2256 meditaris
845 2216 951 2268 quod
983 2215 1222 2269 Periander3

180 2359 249 2392 135
275 2366 506 2401 quamquam
539 2355 582 2391 F
615 2357 627 2402 fl
666 2359 735 2392 140
759 2355 895 2392 rudere
927 2355 989 2401 M,
1025 2355 1182 2393 tendere
1213 2356 1415 2393 Buecheler
1451 2358 1465 2403 ss

83 2405 153 2438 144
178 2403 331 2452 fronde]
358 2404 456 2440 forte
483 2404 559 2451 Mu
579 2408 648 2441 156
675 2403 798 2441 minor
826 2404 1001 2451 TPbFfl

1100 2465 1174 2500 16*
