1592 2612
135 152 223 195 120
318 138 326 145 ’
627 148 776 184 LIBER
801 146 1024 192 QUINTUS.

132 253 258 294 Iulius
284 252 430 306 Nepos,
462 252 584 291 armis
615 251 769 303 pariter
801 261 983 289 summus
1010 248 1215 302 Augustus
1248 262 1294 291 ac
1319 249 1518 306 moribus,

134 314 241 367 quod
275 313 499 353 decessoris
530 310 735 351 Anthemii
766 309 887 349 fidem
919 309 1056 349 fratris
1082 311 1142 350 tui
1169 309 1387 352 sudoribus
1415 310 1515 352 obli-

81 415 84 419 ,
134 381 276 427 gatam,
309 385 386 426 quo
414 372 589 425 citerior,
621 371 697 411 hoc
722 369 961 410 laudabilior
987 369 1178 425 absolvit;
1211 370 1414 424 siquidem
1438 372 1517 412 iste

134 433 364 487 complevit,
403 432 508 485 quod
547 431 614 471 1116
648 432 883 484 saepissime
914 429 1191 484 pollicebatur.
1255 444 1335 485 quo
1367 432 1434 487 fit,
1471 435 1518 473 ut

98 503 115 531 5
135 495 325 547 deinceps
356 505 429 546 pro
467 491 674 545 republica
706 492 882 544 optimus
915 492 1088 544 quisque
1119 493 1251 545 possit
1282 505 1328 534 ac
1360 492 1517 548 debeat,

135 556 171 595 si
203 554 298 607 quid
332 554 504 605 cuipiam
536 553 685 592 virium
711 557 784 606 est,
817 552 911 604 quia
938 563 1120 607 securus,
1151 551 1248 593 hinc
1274 553 1414 594 avidus
1440 554 1516 594 im-

133 614 330 668 pendere,
370 612 693 666 quandoquidem
731 617 890 652 mortuo
930 624 1091 665 quoque
1130 613 1375 666 imperatore
1407 613 1516 654 labo-

133 680 292 715 rantum
330 674 532 714 devotioni
574 672 766 726 quicquid
806 672 1070 725 spoponderit
1106 674 1317 728 princeps,
1355 686 1518 728 semper
1556 699 1566 704 -

134 734 318 775 redhibet
349 735 610 786 principatus.
658 732 696 775 3.
724 735 879 773 interea
905 739 962 788 tu,
995 734 1030 773 si
1056 734 1387 789 ass'ectumtuum
1411 734 1517 776 bene

76 807 112 833 10
137 794 297 849 colligo,
335 794 446 834 111566
485 795 703 847 compertis
741 806 932 847 magnum
971 793 1166 835 solacium
1203 796 1311 835 inter
1351 795 1519 836 adversa

131 857 303 896 maxima
341 856 450 908 capis
491 867 566 894 nec
605 856 783 894 animum
820 859 936 895 tumn
975 867 997 894 a
1034 856 1196 895 tramite
1243 857 1517 907 communium

132 916 367 968 gaudiorum
393 916 546 955 vicinae
574 927 734 968 quoque
761 914 985 955 obsidionis
1010 919 1145 955 terror
1171 915 1382 957 exorbitat.
1423 917 1519 957 novi

132 977 240 1016 enim
271 975 396 1028 probe
429 988 479 1015 ne
512 988 601 1015 meo
636 975 799 1028 quidem
831 980 890 1030 16,
929 988 1050 1028 (1116111
1082 988 1131 1016 ex
1163 975 1251 1029 lege
1284 978 1518 1032 participas,

133 1038 191 1076 sic
215 1036 368 1076 honore
395 1035 592 1090 laetatam,
625 1037 730 1090 quia,
756 1035 852 1076 licet
877 1037 934 1076 515
960 1049 1063 1076 uxor
1088 1036 1205 1091 bona,
1232 1050 1348 1078 soror
1367 1039 1519 1091 optima

77 1106 111 1133 15
134 1109 188 1136 es.
253 1109 330 1149 qua
369 1096 417 1136 de
455 1109 499 1136 re
537 1098 712 1150 propitio
751 1096 827 1136 deo
861 1096 1022 1137 Christo
1055 1097 1265 1150 ampliatos
1305 1099 1518 1152 prosapiae

131 1162 223 1197 tuae
254 1156 392 1196 titulos
426 1169 497 1209 ego
530 1157 702 1198 festinus
735 1158 965 1210 gratatoriis
998 1157 1181 1210 apicibus
1213 1159 1417 1213 inscripsi,
1447 1171 1516 1212 pa-

132 1218 233 1257 riter
258 1216 468 1257 absolvens
496 1217 809 1258 sollicitudinem
835 1222 959 1272 tuam,
985 1217 1124 1258 fratris
1150 1218 1368 1274 pudorem3
1396 1231 1518 1272 quem

132 1277 190 1317 nil
222 1277 270 1317 de
302 1279 466 1330 propria
498 1277 691 1330 dignitate
724 1278 1009 1332 indicaturum,
1043 1280 1078 1318 si
1103 1279 1380 1320 verecundum
1411 1279 1517 1320 forte

132 1339 325 1392 116561165,
351 1350 426 1378 1166
453 1340 510 1378 516
536 1340 706 1392 impium
725 1339 939 1379 iudicares.
984 1335 1025 1379 4.
1047 1351 1121 1392 ego
1141 1352 1236 1380 vero
1257 1352 1340 1380 non
1358 1344 1517 1381 tantum

77 1408 113 1434 20
133 1398 359 1450 insignibus
391 1400 549 1453 vestris,
582 1412 683 1452 quae
716 1404 760 1440 tu
791 1399 987 1440 hactenus
1021 1404 1170 1452 quanto
1202 1399 1373 1441 liberius
1404 1405 1516 1441 tanto

132 1459 391 1511 inpatientius
411 1459 707 1511 praestolabare
729 1455 992 1516 (quamquam
1011 1460 1075 1500 his
1094 1473 1255 1513 quoque
1275 1456 1519 1518 granditer),

133 1523 325 1571 quantum
371 1520 584 1560 concordia
627 1520 758 1574 fruor-3
804 1533 924 1573 quam
967 1533 1108 1573 parem
1152 1523 1304 1562 nostris
1350 1523 1518 1575 suisque

132 1578 271 1619 liberis
304 1580 346 1619 in
377 1584 585 1632 posterum
618 1586 781 1634 exopto,
819 1582 922 1622 votis
961 1582 1004 1621 in
1036 1593 1250 1622 commune
1282 1582 1520 1636 deposcens,

132 1644 197 1693 ut,
242 1641 346 1680 sicut
388 1652 462 1680 nos
506 1645 719 1694 utramque
758 1641 950 1681 familiam
988 1647 1168 1682 nostram
1209 1643 1520 1696 praefectoriam

79 1709 115 1735 25
135 1701 271 1740 nancti
309 1701 429 1740 etiam
460 1703 671 1753 patriciam
706 1701 841 1742 divino
874 1703 1008 1742 favore
1041 1702 1314 1757 reddidimus,
1352 1704 1409 1744 ita
1439 1704 1520 1756 ipsi

135 1773 254 1812 quam
287 1762 514 1813 suscipiunt
544 1763 767 1816 patriciam,
799 1763 947 1803 faciant
980 1762 1247 1804 consularem.
1299 1762 1339 1805 5.
1371 1763 1518 1804 Roscia

135 1820 291 1874 salutat,
324 1834 419 1860 cura
446 1824 689 1876 communis,
724 1835 825 1875 quae
858 1824 900 1863 in
927 1824 1036 1863 aviae
1064 1825 1359 1877 amitarumque
1386 1824 1520 1865 indul-

135 1882 368 1932 gentissimo
403 1882 506 1935 sinu,
538 1882 644 1934 quod
677 1895 768 1922 raro
801 1883 1016 1936 nepotibus
1050 1885 1248 1937 contingit
1280 1883 1446 1939 alendis,
1479 1889 1520 1925 et

136 1952 228 1980 cum
255 1942 467 1981 severitate
493 1943 682 1996 nutritur,
710 1955 787 1995 qua
813 1948 949 1984 tamen
974 1949 1160 1985 tenerum
1189 1957 1271 1985 non
1291 1945 1521 1986 infirmatur

81 2010 116 2036 30
136 2013 276 2040 aevum
310 2001 380 2040 sed
413 2002 652 2042 informatur
683 2004 901 2056 ingenium.
952 2004 1050 2045 vale.

234 2131 255 2163 3
283 2127 394 2164 citior
420 2128 660 2175 Luetjohann
678 2131 691 2176 ΙΙ
711 2134 731 2166 6
759 2131 929 2179 securus]
965 2134 1208 2169 assecuturus
1238 2134 1273 2170 T
1288 2136 1301 2176 ΙΙ
1320 2137 1342 2169 8
1369 2145 1521 2181 semper

135 2188 203 2213 om.
229 2176 262 2212 T
277 2176 289 2222 ss
311 2179 356 2211 14
376 2181 462 2222 post
488 2189 594 2213 soror
620 2179 683 2225 leq.
706 2190 855 2224 quoque
874 2182 917 2216 in
940 2180 971 2217 O
985 2182 996 2227 ΙΙ
1018 2185 1062 2217 15
1090 2182 1161 2218 deo
1183 2194 1251 2219 om.
1268 2183 1331 2229 Tu
1350 2187 1396 2218 23
1416 2182 1519 2219 votis

136 2225 188 2260 M
194 2224 271 2270 OT,
298 2223 391 2260 totis
412 2225 447 2260 L
473 2230 507 2261 et
534 2228 642 2271 (corr.
664 2227 706 2262 in
724 2228 824 2263 votis
845 2228 918 2272 N1)
929 2228 989 2274 N‚·
1014 2231 1062 2275 cf.
1077 2230 1224 2267 Lucan.
1244 2231 1304 2276 II,
1324 2233 1399 2267 533
1418 2230 1519 2267 votis

135 2272 331 2319 deposcite
355 2284 523 2318 pugnam
545 2276 556 2319 ΙΙ
576 2278 621 2309 25
647 2275 752 2310 nacti
781 2275 880 2322 01¹1!
900 2280 945 2312 26
967 2283 1053 2323 post
1078 2278 1218 2315 Roscia
1244 2280 1310 2327 leq.
1337 2280 1377 2315 16
1402 2280 1446 2315 in
1466 2280 1501 2316 T
1505 2294 1522 2326 ‚-

135 2322 184 2367 cf.
204 2333 257 2367 ep.
279 2322 361 2366 III,
377 2324 416 2366 2,
431 2325 450 2356 1
472 2324 483 2366 ΙΙ
503 2325 549 2357 28
570 2323 718 2358 alendis
739 2323 997 2372 Wizamowitz,
1025 2326 1162 2363 alienis
1183 2327 1357 2374 LNGT,
1385 2326 1454 2365 ali.
1467 2327 1520 2364 ,is

135 2373 178 2415 (2
205 2370 274 2406 litt.
302 2381 393 2406 eras.
415 2369 557 2415 M1)M
572 2372 584 2416 ΙΙ
