1592 2612
142 129 199 173 96
619 122 766 159 LIBER
791 119 1034 165 QUARTUS.

141 232 261 270 immo
307 229 401 281 equi
444 224 693 266 radiantibus
738 225 907 277 gemmis
953 223 1088 262 onusti
1130 219 1423 262 antecedebant
1459 219 1524 260 vel

140 292 260 330 etiam
293 286 653 340 subsequebantur,
687 297 778 325 cum
810 289 946 324 tamen
977 283 1106 335 magis
1138 281 1215 322 hoc
1244 281 1304 321 ibi
1329 280 1524 322 decorum

140 349 472 403 conspiciebatur,
506 346 611 399 quod
645 344 879 386 cursoribus
912 345 996 384 suis
1025 344 1108 382 sive
1134 341 1371 396 pedisequis
1396 341 1522 395 pedes

140 416 179 451 et
205 411 290 463 ipse
317 408 474 449 medius
500 408 679 460 incessit,
706 406 915 446 flammeus
943 416 1063 444 cocco
1084 402 1231 443 rutilus
1251 414 1350 443 auro
1370 401 1524 443 lacteus

103 486 120 513 5
141 472 282 523 sericO,
312 474 397 509 tum
423 467 549 508 cultui
574 471 684 507 tanto
712 478 825 506 coma
851 464 1000 506 rubore
1028 467 1119 504 cute
1147 462 1348 504 concolor.
1394 461 1433 503 2.
1460 475 1525 503 re-

138 530 323 584 gulorum
355 533 488 569 autem
521 529 805 580 sociorumque
832 527 1098 566 comitantum
1129 524 1259 565 forma
1291 527 1331 564 et
1357 525 1401 564 in
1424 536 1523 578 pace

138 590 350 643 terribilis3
390 600 562 641 quorum
599 588 724 641 pedes
762 588 886 640 primi
923 598 1074 640 perone
1115 589 1273 625 saetoso
1314 583 1418 625 talos
1457 584 1525 625 ad-

140 663 265 703 usque
304 649 601 703 vinciebantur3
643 660 772 700 genua
811 659 930 688 crura
971 658 1170 699 suraeque
1207 647 1296 686 sine
1327 646 1525 699 tegmine;

138 715 297 764 praeter
322 710 398 749 hoc
424 710 548 749 vestis
579 708 657 748 alta
690 710 829 748 stricta
855 707 1076 748 versicolor
1102 708 1168 746 vix
1194 707 1525 760 appropinquans

86 788 120 813 10
139 769 358 824 poplitibus
398 771 566 824 exertis3
605 770 785 809 manicae
819 767 903 808 sola
935 768 1196 808 brachiorum
1226 767 1428 820 principia
1459 779 1527 807 ve—

138 831 284 885 lantes;
322 830 535 870 viridantia
568 842 661 882 saga
694 828 829 869 limbis
862 830 1085 882 marginata
1116 829 1320 882 puniceis3
1358 826 1527 881 penduli

139 905 187 932 ex
213 903 352 931 umero
381 890 502 943 gladii
527 889 671 930 balteis
699 889 1086 943 supercurrentibus
1117 890 1366 929 strinxerant
1392 887 1528 929 clausa

139 950 301 992 bullatis
333 951 458 991 latera
490 950 751 991 rhenonibus.
817 948 855 992 3.
890 963 937 990 eo
971 963 1050 1003 quo
1085 948 1349 990 comebantur
1382 953 1527 990 ornatu

139 1011 442 1065 muniebantur3
499 1011 648 1051 lanceis
703 1012 862 1051 uncatis
914 1010 1207 1063 securibusque
1257 1008 1526 1050 missibilibus

86 1088 120 1113 15
142 1073 304 1112 dextrae
354 1072 526 1112 refertae
578 1071 718 1125 clipeis
770 1071 923 1112 laevam
973 1076 1132 1124 partem
1179 1069 1527 1124 adumbrantibus,

142 1144 313 1185 quorum
345 1132 413 1172 lux
445 1134 487 1171 in
521 1131 685 1172 orbibus
712 1133 841 1187 nivea,
874 1131 979 1173 fulva
1010 1133 1053 1172 in
1078 1130 1324 1172 umbonibus
1350 1132 1407 1171 ita
1433 1142 1527 1171 cen-

142 1205 231 1233 sum
262 1192 456 1246 prodebat
488 1197 532 1233 ut
565 1193 754 1233 studium.
819 1197 965 1233 cuncta
996 1204 1165 1246 prorsus
1196 1190 1450 1245 huiusmodi,
1482 1195 1528 1232 ut

142 1255 185 1293 in
217 1254 371 1293 actione
403 1252 669 1294 thalamorum
700 1266 782 1293 non
815 1257 1029 1307 appareret
1055 1254 1189 1293 minor
1213 1252 1352 1292 Martis
1379 1264 1528 1305 pompa

144 1325 262 1366 quam
299 1313 477 1353 Veneris.
530 1314 600 1354 sed
639 1314 735 1366 quid
774 1315 873 1354 haec
911 1311 1127 1366 pluribus?
1189 1312 1418 1366 spectaculo
1455 1311 1528 1352 tali

88 1389 124 1416 20
145 1373 226 1413 sola
257 1375 485 1426 praesentia
522 1378 590 1414 tua
629 1374 767 1415 defuit.
823 1387 916 1415 nam
957 1387 1049 1415 cum
1086 1373 1267 1414 viderem
1306 1385 1407 1427 quae
1451 1371 1529 1413 tibi

142 1433 309 1486 pulchra
347 1438 440 1473 sunt
476 1446 557 1474 non
595 1439 634 1474 te
674 1435 829 1490 videre,
868 1436 997 1488 ipsam
1030 1447 1077 1475 eo
1115 1439 1298 1488 tempore
1332 1433 1528 1474 desiderii

143 1495 202 1534 tui
234 1495 509 1547 inpatientiam
542 1495 777 1536 desideravi.
830 1495 925 1536 vale.

776 1649 892 1693 XXI.

446 1730 673 1767 SIDONIUS
699 1732 829 1768 APRO
858 1732 951 1768 SUO
980 1732 1223 1769 SALUTEM.

241 1804 275 1847 l.
314 1806 386 1846 Est
424 1808 585 1859 quidem
622 1810 811 1862 princeps
850 1811 890 1849 in
924 1822 1072 1862 genere
1104 1808 1366 1849 monstrando
1398 1809 1526 1861 partis

91 1881 126 1908 25
145 1872 333 1920 paternae
366 1869 654 1922 praerogativa,
687 1869 756 1909 sed
788 1875 923 1909 tamen
954 1870 1126 1910 multum
1158 1874 1232 1924 est,
1265 1869 1372 1923 quod
1405 1868 1527 1910 debe-

144 1940 235 1968 mus
275 1932 314 1967 et
354 1927 562 1968 matribus.
626 1942 706 1969 non
745 1931 853 1969 enim
885 1943 907 1970 a
938 1930 1056 1971 nobis
1096 1930 1248 1984 aliquid
1288 1929 1434 1970 exilius
1467 1929 1527 1969 fas

145 1988 335 2027 honorari
368 1988 474 2040 quod
500 1988 677 2040 pondera
710 1989 869 2029 illarum
896 2004 1015 2043 quam
1042 1991 1149 2044 quod
1175 1992 1348 2036 istorum
1374 1990 1529 2030 semina

147 2061 296 2088 sumus.
356 2048 425 2088 sed
459 2050 625 2100 originis
658 2055 818 2090 nostrae
852 2050 1102 2092 definiendae
1135 2052 1304 2092 materia
1336 2050 1399 2091 vel
1425 2051 1527 2090 ratio

147 2110 199 2148 sit
239 2121 363 2161 penes
405 2108 610 2162 physicos:
655 2122 747 2163 nos,
797 2111 902 2151 unde
948 2112 1046 2152 haec
1094 2114 1183 2165 ipsa
1229 2112 1528 2165 praemisimus,

244 2217 264 2248 2
291 2213 437 2260 tamen]
471 2212 572 2248 enim
600 2213 632 2249 G
664 2214 676 2259 ΙΙ
715 2218 736 2249 3
764 2214 1073 2260 conspiciebatur
1099 2215 1184 2251 LV
1204 2220 1239 2252 et
1266 2218 1375 2261 (corr.
1401 2216 1445 2252 in
1469 2214 1530 2250 in·-

148 2260 383 2306 spiciebatur
402 2261 475 2307 N1)
486 2261 536 2307 N,
563 2260 840 2306 inspiciebatur
860 2263 910 2299 M
915 2263 946 2300 Ο
952 2264 985 2299 Τ
1001 2266 1013 2310 ΙΙ
1033 2268 1054 2299 5
1080 2264 1235 2312 rubore]
1257 2275 1321 2300 ore
1348 2263 1530 2300 Wilamo-

146 2309 247 2354 witz,
280 2310 388 2345 tuore
419 2310 462 2345 in
494 2311 580 2346 adn.
609 2309 848 2355 Luetjohann
891 2312 904 2358 ΙΙ
950 2315 994 2347 14
1018 2312 1273 2348 missibilibus
1300 2311 1391 2348 LN
1392 2312 1444 2348 M
1448 2311 1529 2357 OT,

146 2356 354 2393 missilibus
388 2358 424 2393 V
449 2357 622 2394 Vatican.
644 2360 741 2394 3421
762 2361 774 2405 u
795 2364 837 2394 21
865 2362 904 2395 te
930 2371 1007 2395 non
1034 2360 1198 2406 OT1123
1223 2362 1335 2398 inser.
1362 2371 1430 2397 om.
1457 2359 1493 2395 L

146 2404 304 2442 ASPRO
319 2405 359 2453 (S
373 2417 466 2442 eras.
482 2406 677 2452 0³>VMO
691 2407 703 2453 ΙΙ
723 2410 768 2442 26
790 2412 875 2453 post
889 2407 947 2444 fas
962 2409 1027 2455 Iey.
1044 2410 1102 2445 est
1121 2410 1165 2446 in
1182 2409 1223 2455 T,
1248 2420 1276 2446 8.
1293 2409 1316 2446 l.
1331 2409 1418 2446 add.
1435 2407 1518 2455 M11
