1592 2612
118 99 205 142 136
613 94 761 131 LIBER
787 92 987 130 SEXTUS.

115 200 211 242 dum
236 200 351 253 vivit3
377 200 420 239 in
447 210 516 251 spe
544 198 652 237 enim
678 195 807 236 adhuc
833 194 1101 235 absolutionis
1127 197 1202 248 est,
1227 195 1295 234 cui
1320 194 1498 248 suppetit

114 273 234 315 posse
268 259 458 301 converti.
521 256 560 297 2.
594 268 696 310 quae
729 257 783 296 sit
814 267 908 295 vero
940 255 1095 307 negotii
1127 255 1192 295 sui
1225 255 1372 309 series,
1410 255 1495 307 ipse

114 322 266 362 rectius
292 323 580 373 praesentanea
608 329 743 357 coram
768 317 999 356 narratione
1019 315 1246 368 patefaciet.
1283 327 1377 355 nam
1401 326 1497 368 pru-

116 382 275 423 dentiae
309 381 405 420 satis
438 378 571 418 obviat
602 376 813 430 epistulari
851 375 1047 416 formulae
1080 374 1259 416 debitam
1291 376 1496 416 concinni-

78 453 97 480 5
115 447 238 483 tatem
270 440 478 494 plurifario
511 449 698 479 sermone
736 438 958 490 porrigere.
1021 448 1117 477 sane
1150 437 1244 489 quia
1275 434 1498 477 secundum

114 502 178 543 vel
209 502 368 554 negotia
399 499 462 540 vel
493 499 643 540 iudicia
667 503 829 538 terrena
850 496 981 537 solent
1004 496 1288 537 huiuscemodi
1311 496 1499 537 homines

114 563 304 603 honestas
342 560 491 600 habere
525 571 686 613 causas,
724 563 768 598 tu
801 570 960 611 quoque
992 562 1109 611 potes
1140 557 1262 598 huius
1294 556 1499 611 laboriosi,

115 624 192 663 etsi
229 624 439 674 impugnas
477 620 706 673 perfidiam,
749 630 1005 671 propugnare
1047 630 1275 671 personam.
1343 629 1500 658 memor

115 684 246 724 nostri
279 694 367 722 esse
402 680 587 735 dignare,
620 679 781 720 domine
813 691 927 732 papa.

756 833 855 877 XII.

62 931 98 957 10
224 917 450 955 SIDONIUS
476 916 672 953 DOMINO
699 916 862 952 PAPAE
888 915 1126 952 PATIENTI
1151 916 1398 954 SALUTEM.

209 995 246 1037 1.
273 995 426 1048 Aliquis
453 994 640 1048 aliquem,
668 1006 741 1046 ego
768 993 883 1033 illum
909 995 1125 1046 praecipue
1151 998 1249 1046 puto
1272 1006 1344 1034 suo
1365 995 1501 1034 vivere

115 1056 235 1110 bono,
268 1057 337 1109 qui
368 1056 466 1095 vivit
498 1054 627 1094 alieno
662 1056 810 1107 quique
838 1053 1017 1094 fidelium
1043 1053 1291 1095 calamitates
1318 1054 1502 1107 indigen-

116 1119 293 1169 tiamque
326 1117 541 1156 miseratus
581 1115 675 1155 facit
706 1116 749 1155 in
774 1116 897 1155 terris
930 1127 1052 1167 opera
1085 1114 1300 1155 caelorum.
1365 1111 1502 1168 ‘quor—

118 1190 209 1218 sum
235 1173 411 1217 istaec‘?'
438 1176 584 1228 inquis.
629 1180 669 1215 te
696 1177 773 1215 ista
800 1177 1001 1215 sententia
1028 1187 1147 1228 quam
1174 1187 1374 1230 maxume,
1399 1188 1503 1229 papa

63 1251 96 1278 15
117 1238 363 1290 beatissime,
388 1237 502 1290 petit,
528 1236 593 1276 cui
618 1248 700 1275 non
727 1236 877 1276 sufficit
901 1235 982 1275 illis
1007 1240 1164 1276 tantum
1190 1235 1504 1277 necessitatibus

118 1310 237 1352 opem
262 1298 382 1351 ferre,
408 1309 507 1349 quas
526 1297 701 1350 noveris,
726 1298 875 1349 quique
896 1308 1026 1349 usque
1047 1298 1089 1336 in
1110 1298 1283 1337 extimos
1302 1298 1503 1337 terminos

119 1358 338 1398 Galliarum
369 1358 547 1397 caritatis
579 1356 722 1409 indage
754 1361 942 1410 porrecta
972 1358 1087 1410 prius
1115 1356 1221 1398 soles
1248 1357 1503 1410 indigentum

118 1420 324 1471 respicere
351 1429 490 1457 causas
518 1429 637 1469 quam
662 1419 864 1470 inspicere
890 1430 1099 1470 personas.
1143 1415 1182 1458 2.
1209 1417 1362 1458 nullius
1389 1417 1506 1458 obest

119 1479 305 1519 tenuitati
343 1477 637 1532 debilitatique,
683 1479 718 1517 si
761 1482 800 1518 te
846 1483 1036 1531 expetere
1080 1490 1162 1518 non
1199 1479 1340 1531 possit.
1409 1490 1504 1519 nam

64 1555 100 1582 20
119 1539 330 1592 praevenis
362 1537 547 1578 manibus
580 1537 710 1592 illum,
750 1540 820 1591 qui
857 1551 939 1578 non
970 1538 1143 1579 valuerit
1175 1538 1224 1579 ad
1256 1543 1297 1579 te
1329 1538 1505 1592 pedibus

118 1600 342 1652 pervenire.
404 1600 550 1638 transit
588 1600 630 1638 in
669 1599 818 1638 alienas
857 1601 1086 1651 provincias
1124 1599 1331 1652 vigilantia
1362 1604 1432 1640 tua
1464 1603 1506 1639 et

119 1661 161 1700 in
192 1660 269 1699 hoc
301 1671 420 1698 curae
451 1663 543 1698 tuae
576 1658 744 1699 latitudo
778 1659 1029 1714 diffunditur,
1060 1664 1106 1700 ut
1131 1659 1249 1713 longe
1275 1661 1504 1713 positorum

120 1719 352 1760 consoletur
384 1720 605 1773 angustias3
645 1724 685 1758 et
714 1719 809 1759 hinc
842 1721 903 1773 fit,
941 1725 1004 1774 ut,
1044 1721 1139 1774 quia
1171 1719 1315 1760 crebro
1348 1725 1388 1760 te
1421 1732 1503 1760 non

118 1781 253 1820 minus
286 1779 498 1819 absentum
529 1780 771 1819 verecundia
803 1793 923 1833 quam
955 1786 1216 1833 praesentum
1248 1781 1502 1834 querimonia

65 1857 101 1884 25
121 1844 266 1893 movet,
299 1852 418 1892 saepe
451 1841 619 1879 terseris
653 1852 792 1879 eorum
825 1840 1024 1895 lacrimas,
1057 1853 1231 1894 quorum
1257 1840 1395 1881 oculos
1422 1853 1505 1881 non

119 1901 269 1940 vidisti.
332 1898 370 1941 3.
404 1900 543 1938 omitto
585 1899 670 1953 illa,
710 1913 810 1952 quae
850 1901 997 1941 cotidie
1036 1906 1204 1955 propter
1236 1901 1505 1942 defectionem

120 1962 268 2001 civium
300 1964 613 2012 pauperatorum
644 1961 884 2012 inrequietis
916 1961 1065 2002 toleras
1098 1961 1280 2002 excubiis
1312 1961 1505 2015 precibus

120 2022 320 2074 expensis.
385 2021 524 2059 omitto
557 2025 597 2059 te
628 2019 700 2059 tali
731 2033 892 2073 semper
925 2034 1043 2074 agere
1076 2027 1409 2076 temperamento,
1443 2023 1503 2062 sic

120 2094 281 2134 semper
311 2081 550 2134 humanum,
592 2081 651 2120 sic
683 2080 924 2121 abstemium
955 2083 1145 2136 iudicari,
1176 2087 1222 2123 ut
1254 2087 1412 2123 constet
1443 2083 1504 2122 in-

219 2189 265 2221 14
291 2184 411 2221 istaec
438 2185 492 2231 L,
525 2183 602 2219 ista
627 2184 723 2219 haec
749 2185 901 2232 NMT,
934 2186 1011 2222 ista,
1039 2187 1070 2223 Ο
1101 2187 1107 2235 Ι
1140 2186 1219 2222 ista.
1243 2187 1293 2232 L,
1317 2198 1384 2223 om.
1413 2186 1512 2222 ΝΜ

123 2233 204 2279 OT,
229 2234 291 2270 sed
317 2234 355 2269 te
380 2234 424 2269 in
447 2244 522 2270 ras.
545 2235 568 2268 5
595 2233 665 2269 litt.
687 2233 744 2268 N¹
762 2234 774 2279 ΙΙ
797 2237 840 2268 16
867 2245 987 2279 usque
1013 2247 1040 2271 s.
1068 2237 1092 2272 Z.
1119 2236 1206 2272 add.
1235 2235 1311 2280 M1,
1337 2246 1405 2272 om.
1434 2235 1469 2271 T
1491 2233 1504 2282 ΙΙ

122 2285 168 2318 23
194 2282 238 2317 fit
270 2282 499 2326 Wouweren,
524 2280 600 2316 fuit
624 2282 727 2318 codd.
753 2284 766 2326 11
792 2285 837 2317 25
864 2283 951 2318 inde
978 2284 1024 2319 ab
1052 2283 1208 2320 terseris
1233 2285 1376 2320 exitwm
1401 2284 1506 2330 epist.

120 2342 189 2368 om.
217 2330 304 2366 LN
315 2330 390 2366 VT
423 2331 436 2376 11
474 2332 520 2365 26
553 2341 605 2366 an
642 2329 913 2366 refectionem?
952 2332 999 2376 σῇ
1036 2332 1144 2378 Grey.
1174 2332 1264 2369 Twr.
1297 2333 1333 2369 h.
1360 2331 1505 2368 Franc.

120 2380 181 2425 II,
199 2381 249 2416 24
274 2378 415 2413 famem
440 2389 567 2413 meam
591 2377 799 2414 refectione
824 2389 1035 2424 pauperum
1062 2380 1262 2416 satiaveris
1282 2383 1294 2427 ss
