<?xml version="1.0" encoding="UTF-8"?>
<!DOCTYPE html PUBLIC "-//W3C//DTD XHTML 1.0 Transitional//EN"
    "http://www.w3.org/TR/xhtml1/DTD/xhtml1-transitional.dtd">
<html xmlns="http://www.w3.org/1999/xhtml" xml:lang="en" lang="en">
 <head>
  <title>
</title>
<meta http-equiv="Content-Type" content="text/html;charset=utf-8" />
  <meta name='ocr-system' content='tesseract 3.04.00' />
  <meta name='ocr-capabilities' content='ocr_page ocr_carea ocr_par ocr_line ocrx_word'/>
</head>
<body>
  <div class='ocr_page' id='page_1' title='image "./csolliusapollina00sidouoft_0399.png"; bbox 0 0 1592 2612; ppageno 0'>
   <div class='ocr_carea' id='block_1_1' title="bbox 605 102 1480 147">
    <p class='ocr_par' dir='ltr' id='par_1_1' title="bbox 605 102 1480 147">
     <span class='ocr_line' id='line_1_1' title="bbox 605 102 1480 147; baseline 0.007 -6"><span class='ocrx_word' id='word_1_1' title='bbox 605 102 815 141; x_wconf 80' lang='lat' dir='ltr'><strong>GARMEN</strong></span> <span class='ocrx_word' id='word_1_2' title='bbox 838 103 975 140; x_wconf 86' lang='lat' dir='ltr'>XXIII.</span> <span class='ocrx_word' id='word_1_3' title='bbox 1253 115 1258 120; x_wconf 79' lang='lat'><em>·</em></span> <span class='ocrx_word' id='word_1_4' title='bbox 1391 102 1480 147; x_wconf 77' lang='lat'>347</span> 
     </span>
    </p>
   </div>
   <div class='ocr_carea' id='block_1_2' title="bbox 213 205 1393 2255">
    <p class='ocr_par' dir='ltr' id='par_1_2' title="bbox 213 205 1393 2255">
     <span class='ocr_line' id='line_1_2' title="bbox 312 205 1025 247; baseline -0.001 0"><span class='ocrx_word' id='word_1_5' title='bbox 312 205 421 247; x_wconf 84' lang='lat' dir='ltr'><strong>cedit</strong></span> <span class='ocrx_word' id='word_1_6' title='bbox 450 211 560 247; x_wconf 89' lang='lat' dir='ltr'>terra</span> <span class='ocrx_word' id='word_1_7' title='bbox 591 207 694 246; x_wconf 90' lang='lat' dir='ltr'>rotis</span> <span class='ocrx_word' id='word_1_8' title='bbox 726 210 767 246; x_wconf 88' lang='lat' dir='ltr'>et</span> <span class='ocrx_word' id='word_1_9' title='bbox 798 205 1025 246; x_wconf 88' lang='lat' dir='ltr'>orbitarum</span> 
     </span>
     <span class='ocr_line' id='line_1_3' title="bbox 310 266 1000 321; baseline -0.001 -14"><span class='ocrx_word' id='word_1_10' title='bbox 310 272 421 307; x_wconf 87' lang='lat' dir='ltr'>moto</span> <span class='ocrx_word' id='word_1_11' title='bbox 451 266 618 320; x_wconf 85' lang='lat' dir='ltr'>pulvere</span> <span class='ocrx_word' id='word_1_12' title='bbox 650 266 882 307; x_wconf 82' lang='lat' dir='ltr'><strong>sordidatur</strong></span> <span class='ocrx_word' id='word_1_13' title='bbox 913 279 1000 321; x_wconf 81' lang='lat' dir='ltr'>aer3</span> 
     </span>
     <span class='ocr_line' id='line_1_4' title="bbox 214 326 1121 381; baseline -0.002 -12"><span class='ocrx_word' id='word_1_14' title='bbox 214 335 286 370; x_wconf 80' lang='grc'>350</span> <span class='ocrx_word' id='word_1_15' title='bbox 311 328 465 368; x_wconf 90' lang='lat' dir='ltr'>instant</span> <span class='ocrx_word' id='word_1_16' title='bbox 495 326 734 367; x_wconf 87' lang='lat' dir='ltr'>verberibus</span> <span class='ocrx_word' id='word_1_17' title='bbox 766 326 887 367; x_wconf 87' lang='lat' dir='ltr'>simul</span> <span class='ocrx_word' id='word_1_18' title='bbox 920 332 1121 381; x_wconf 86' lang='lat' dir='ltr'>regentes,</span> 
     </span>
     <span class='ocr_line' id='line_1_5' title="bbox 310 388 1188 441; baseline 0 -13"><span class='ocrx_word' id='word_1_19' title='bbox 310 389 472 441; x_wconf 90' lang='lat' dir='ltr'>iamque</span> <span class='ocrx_word' id='word_1_20' title='bbox 505 392 546 428; x_wconf 89' lang='lat' dir='ltr'>et</span> <span class='ocrx_word' id='word_1_21' title='bbox 577 394 740 441; x_wconf 79' lang='lat' dir='ltr'>pectora</span> <span class='ocrx_word' id='word_1_22' title='bbox 771 400 901 440; x_wconf 89' lang='lat' dir='ltr'>prona</span> <span class='ocrx_word' id='word_1_23' title='bbox 933 388 983 428; x_wconf 91' lang='lat' dir='ltr'>de</span> <span class='ocrx_word' id='word_1_24' title='bbox 1016 389 1188 429; x_wconf 86' lang='lat' dir='ltr'><strong>covinno</strong></span> 
     </span>
     <span class='ocr_line' id='line_1_6' title="bbox 310 448 970 501; baseline -0.002 -12"><span class='ocrx_word' id='word_1_25' title='bbox 310 450 470 489; x_wconf 82' lang='lat' dir='ltr'>extensi</span> <span class='ocrx_word' id='word_1_26' title='bbox 499 450 714 501; x_wconf 89' lang='lat' dir='ltr'>rapiuntur</span> <span class='ocrx_word' id='word_1_27' title='bbox 745 454 786 488; x_wconf 90' lang='lat' dir='ltr'>et</span> <span class='ocrx_word' id='word_1_28' title='bbox 816 448 970 501; x_wconf 87' lang='lat' dir='ltr'>iugales</span> 
     </span>
     <span class='ocr_line' id='line_1_7' title="bbox 309 509 1128 563; baseline -0.001 -13"><span class='ocrx_word' id='word_1_29' title='bbox 309 514 422 550; x_wconf 86' lang='lat' dir='ltr'>trans</span> <span class='ocrx_word' id='word_1_30' title='bbox 454 521 588 549; x_wconf 89' lang='lat' dir='ltr'>armos</span> <span class='ocrx_word' id='word_1_31' title='bbox 620 509 773 549; x_wconf 90' lang='lat' dir='ltr'>feriunt</span> <span class='ocrx_word' id='word_1_32' title='bbox 803 514 969 549; x_wconf 87' lang='lat' dir='ltr'>vacante</span> <span class='ocrx_word' id='word_1_33' title='bbox 999 514 1128 563; x_wconf 81' lang='lat' dir='ltr'>tergo,</span> 
     </span>
     <span class='ocr_line' id='line_1_8' title="bbox 310 571 1143 624; baseline -0.001 -14"><span class='ocrx_word' id='word_1_34' title='bbox 310 582 388 610; x_wconf 88' lang='lat' dir='ltr'>nec</span> <span class='ocrx_word' id='word_1_35' title='bbox 420 582 563 610; x_wconf 90' lang='lat' dir='ltr'>cernas</span> <span class='ocrx_word' id='word_1_36' title='bbox 596 571 689 624; x_wconf 82' lang='lat' dir='ltr'>cito,</span> <span class='ocrx_word' id='word_1_37' title='bbox 720 582 895 610; x_wconf 85' lang='lat' dir='ltr'>cernuos</span> <span class='ocrx_word' id='word_1_38' title='bbox 926 571 1143 622; x_wconf 88' lang='lat' dir='ltr'>magistros</span> 
     </span>
     <span class='ocr_line' id='line_1_9' title="bbox 214 631 1090 683; baseline -0.002 -11"><span class='ocrx_word' id='word_1_39' title='bbox 214 638 285 672; x_wconf 83' lang='grc'>355</span> <span class='ocrx_word' id='word_1_40' title='bbox 309 635 495 672; x_wconf 87' lang='lat' dir='ltr'>temones</span> <span class='ocrx_word' id='word_1_41' title='bbox 527 642 641 683; x_wconf 84' lang='lat' dir='ltr'>mage</span> <span class='ocrx_word' id='word_1_42' title='bbox 674 631 870 670; x_wconf 85' lang='lat' dir='ltr'>sufferant</span> <span class='ocrx_word' id='word_1_43' title='bbox 902 643 953 670; x_wconf 89' lang='lat' dir='ltr'>an</span> <span class='ocrx_word' id='word_1_44' title='bbox 984 643 1090 670; x_wconf 83' lang='lat' dir='ltr'>axes.</span> 
     </span>
     <span class='ocr_line' id='line_1_10' title="bbox 310 690 1088 731; baseline -0.001 0"><span class='ocrx_word' id='word_1_45' title='bbox 310 692 390 731; x_wconf 90' lang='lat' dir='ltr'>iam</span> <span class='ocrx_word' id='word_1_46' title='bbox 422 703 493 731; x_wconf 88' lang='lat' dir='ltr'>vos</span> <span class='ocrx_word' id='word_1_47' title='bbox 526 703 575 731; x_wconf 86' lang='lat' dir='ltr'>ex</span> <span class='ocrx_word' id='word_1_48' title='bbox 608 690 735 731; x_wconf 89' lang='lat' dir='ltr'>oculis</span> <span class='ocrx_word' id='word_1_49' title='bbox 767 691 876 731; x_wconf 91' lang='lat' dir='ltr'>velut</span> <span class='ocrx_word' id='word_1_50' title='bbox 907 690 1088 731; x_wconf 81' lang='lat' dir='ltr'>volantes</span> 
     </span>
     <span class='ocr_line' id='line_1_11' title="bbox 312 753 973 804; baseline 0 -13"><span class='ocrx_word' id='word_1_51' title='bbox 312 756 552 804; x_wconf 89' lang='lat' dir='ltr'>consumpto</span> <span class='ocrx_word' id='word_1_52' title='bbox 585 753 714 804; x_wconf 89' lang='lat' dir='ltr'>spatio</span> <span class='ocrx_word' id='word_1_53' title='bbox 746 753 973 804; x_wconf 88' lang='lat' dir='ltr'>patentiore</span> 
     </span>
     <span class='ocr_line' id='line_1_12' title="bbox 311 811 1144 866; baseline 0 -14"><span class='ocrx_word' id='word_1_54' title='bbox 311 824 477 865; x_wconf 85' lang='lat' dir='ltr'>campus</span> <span class='ocrx_word' id='word_1_55' title='bbox 509 811 710 852; x_wconf 85' lang='lat' dir='ltr'>clauserat</span> <span class='ocrx_word' id='word_1_56' title='bbox 740 817 852 852; x_wconf 92' lang='lat' dir='ltr'>artus</span> <span class='ocrx_word' id='word_1_57' title='bbox 884 817 970 852; x_wconf 77' lang='lat' dir='ltr'>arte</span> <span class='ocrx_word' id='word_1_58' title='bbox 1002 812 1144 866; x_wconf 81' lang='lat' dir='ltr'>factus,</span> 
     </span>
     <span class='ocr_line' id='line_1_13' title="bbox 311 872 1393 926; baseline -0.001 -13"><span class='ocrx_word' id='word_1_59' title='bbox 311 885 386 926; x_wconf 90' lang='lat' dir='ltr'>per</span> <span class='ocrx_word' id='word_1_60' title='bbox 418 885 538 926; x_wconf 92' lang='lat' dir='ltr'>quem</span> <span class='ocrx_word' id='word_1_61' title='bbox 570 872 742 926; x_wconf 87' lang='lat' dir='ltr'>longam,</span> <span class='ocrx_word' id='word_1_62' title='bbox 772 872 966 913; x_wconf 91' lang='lat' dir='ltr'>humilem</span> <span class='ocrx_word' id='word_1_63' title='bbox 1000 872 1243 925; x_wconf 87' lang='lat' dir='ltr'>duplamque</span> <span class='ocrx_word' id='word_1_64' title='bbox 1275 884 1393 912; x_wconf 88' lang='lat' dir='ltr'>muro</span> 
     </span>
     <span class='ocr_line' id='line_1_14' title="bbox 215 932 1066 986; baseline -0.001 -12"><span class='ocrx_word' id='word_1_65' title='bbox 215 940 286 974; x_wconf 80' lang='grc'>360</span> <span class='ocrx_word' id='word_1_66' title='bbox 313 934 480 986; x_wconf 89' lang='lat' dir='ltr'>euripus</span> <span class='ocrx_word' id='word_1_67' title='bbox 513 932 593 973; x_wconf 88' lang='lat' dir='ltr'>sibi</span> <span class='ocrx_word' id='word_1_68' title='bbox 623 933 851 973; x_wconf 85' lang='lat' dir='ltr'>machinam</span> <span class='ocrx_word' id='word_1_69' title='bbox 882 932 1066 973; x_wconf 85' lang='lat' dir='ltr'>tetendit.</span> 
     </span>
     <span class='ocr_line' id='line_1_15' title="bbox 311 993 1072 1047; baseline -0.001 -13"><span class='ocrx_word' id='word_1_70' title='bbox 311 998 357 1034; x_wconf 92' lang='lat' dir='ltr'>ut</span> <span class='ocrx_word' id='word_1_71' title='bbox 387 998 494 1034; x_wconf 89' lang='lat' dir='ltr'>meta</span> <span class='ocrx_word' id='word_1_72' title='bbox 525 993 696 1034; x_wconf 86' lang='lat' dir='ltr'>ulterior</span> <span class='ocrx_word' id='word_1_73' title='bbox 727 995 887 1034; x_wconf 88' lang='lat' dir='ltr'>remisit</span> <span class='ocrx_word' id='word_1_74' title='bbox 919 1006 1072 1047; x_wconf 82' lang='lat' dir='ltr'>omnes,</span> 
     </span>
     <span class='ocr_line' id='line_1_16' title="bbox 310 1053 1014 1108; baseline 0 -14"><span class='ocrx_word' id='word_1_75' title='bbox 310 1055 356 1094; x_wconf 86' lang='lat' dir='ltr'>fit</span> <span class='ocrx_word' id='word_1_76' title='bbox 387 1053 539 1107; x_wconf 82' lang='lat' dir='ltr'>collega</span> <span class='ocrx_word' id='word_1_77' title='bbox 570 1058 666 1094; x_wconf 92' lang='lat' dir='ltr'>tuus</span> <span class='ocrx_word' id='word_1_78' title='bbox 697 1055 813 1107; x_wconf 88' lang='lat' dir='ltr'>prior</span> <span class='ocrx_word' id='word_1_79' title='bbox 843 1053 1014 1108; x_wconf 81' lang='lat' dir='ltr'>duobus,</span> 
     </span>
     <span class='ocr_line' id='line_1_17' title="bbox 311 1116 1162 1169; baseline 0 -15"><span class='ocrx_word' id='word_1_80' title='bbox 311 1116 383 1168; x_wconf 93' lang='lat' dir='ltr'>qui</span> <span class='ocrx_word' id='word_1_81' title='bbox 413 1119 454 1155; x_wconf 88' lang='lat' dir='ltr'>te</span> <span class='ocrx_word' id='word_1_82' title='bbox 485 1116 751 1169; x_wconf 80' lang='lat' dir='ltr'>transierant3</span> <span class='ocrx_word' id='word_1_83' title='bbox 783 1116 839 1155; x_wconf 89' lang='lat' dir='ltr'>ita</span> <span class='ocrx_word' id='word_1_84' title='bbox 870 1116 959 1168; x_wconf 90' lang='lat' dir='ltr'>ipse</span> <span class='ocrx_word' id='word_1_85' title='bbox 992 1119 1162 1167; x_wconf 89' lang='lat' dir='ltr'>quartus</span> 
     </span>
     <span class='ocr_line' id='line_1_18' title="bbox 311 1175 950 1229; baseline 0 -14"><span class='ocrx_word' id='word_1_86' title='bbox 311 1176 400 1229; x_wconf 85' lang='lat' dir='ltr'>gyri</span> <span class='ocrx_word' id='word_1_87' title='bbox 433 1175 671 1215; x_wconf 87' lang='lat' dir='ltr'>condicione</span> <span class='ocrx_word' id='word_1_88' title='bbox 704 1180 791 1216; x_wconf 89' lang='lat' dir='ltr'>tum</span> <span class='ocrx_word' id='word_1_89' title='bbox 824 1175 950 1215; x_wconf 85' lang='lat' dir='ltr'>fuisti.</span> 
     </span>
     <span class='ocr_line' id='line_1_19' title="bbox 213 1235 1159 1290; baseline -0.001 -14"><span class='ocrx_word' id='word_1_90' title='bbox 213 1243 284 1276; x_wconf 84' lang='grc'>365</span> <span class='ocrx_word' id='word_1_91' title='bbox 311 1248 432 1276; x_wconf 87' lang='lat' dir='ltr'>curae</span> <span class='ocrx_word' id='word_1_92' title='bbox 466 1241 530 1276; x_wconf 89' lang='lat' dir='ltr'>est</span> <span class='ocrx_word' id='word_1_93' title='bbox 560 1236 601 1275; x_wconf 91' lang='lat' dir='ltr'>id</span> <span class='ocrx_word' id='word_1_94' title='bbox 634 1236 792 1290; x_wconf 78' lang='lat' dir='ltr'>mediis,</span> <span class='ocrx_word' id='word_1_95' title='bbox 825 1241 870 1276; x_wconf 93' lang='lat' dir='ltr'>ut</span> <span class='ocrx_word' id='word_1_96' title='bbox 901 1235 968 1276; x_wconf 90' lang='lat' dir='ltr'>ille</span> <span class='ocrx_word' id='word_1_97' title='bbox 1001 1237 1159 1289; x_wconf 85' lang='lat' dir='ltr'>primus</span> 
     </span>
     <span class='ocr_line' id='line_1_20' title="bbox 309 1296 987 1350; baseline 0 -14"><span class='ocrx_word' id='word_1_98' title='bbox 309 1308 477 1349; x_wconf 88' lang='lat' dir='ltr'>pressus</span> <span class='ocrx_word' id='word_1_99' title='bbox 510 1296 738 1336; x_wconf 85' lang='lat' dir='ltr'>dexteriore</span> <span class='ocrx_word' id='word_1_100' title='bbox 771 1297 987 1350; x_wconf 82' lang='lat' dir='ltr'>concitatu,</span> 
     </span>
     <span class='ocr_line' id='line_1_21' title="bbox 309 1357 1041 1409; baseline 0.001 -13"><span class='ocrx_word' id='word_1_101' title='bbox 309 1361 467 1409; x_wconf 89' lang='lat' dir='ltr'>partem</span> <span class='ocrx_word' id='word_1_102' title='bbox 499 1357 535 1396; x_wconf 89' lang='lat' dir='ltr'>si</span> <span class='ocrx_word' id='word_1_103' title='bbox 565 1357 803 1409; x_wconf 82' lang='lat' dir='ltr'>patefecerit</span> <span class='ocrx_word' id='word_1_104' title='bbox 835 1358 1041 1397; x_wconf 88' lang='lat' dir='ltr'>sinistram</span> 
     </span>
     <span class='ocr_line' id='line_1_22' title="bbox 309 1416 1083 1470; baseline 0.001 -14"><span class='ocrx_word' id='word_1_105' title='bbox 309 1421 415 1456; x_wconf 90' lang='lat' dir='ltr'>totas</span> <span class='ocrx_word' id='word_1_106' title='bbox 447 1416 496 1456; x_wconf 90' lang='lat' dir='ltr'>ad</span> <span class='ocrx_word' id='word_1_107' title='bbox 528 1416 694 1469; x_wconf 89' lang='lat' dir='ltr'>podium</span> <span class='ocrx_word' id='word_1_108' title='bbox 725 1417 861 1457; x_wconf 82' lang='lat' dir='ltr'>ferens</span> <span class='ocrx_word' id='word_1_109' title='bbox 893 1416 1083 1470; x_wconf 81' lang='lat' dir='ltr'>habenas,</span> 
     </span>
     <span class='ocr_line' id='line_1_23' title="bbox 313 1479 1022 1529; baseline 0.001 -13"><span class='ocrx_word' id='word_1_110' title='bbox 313 1489 437 1517; x_wconf 87' lang='lat' dir='ltr'>curru</span> <span class='ocrx_word' id='word_1_111' title='bbox 467 1482 748 1529; x_wconf 87' lang='lat' dir='ltr'>praetereatur</span> <span class='ocrx_word' id='word_1_112' title='bbox 780 1479 889 1517; x_wconf 86' lang='lat' dir='ltr'>intus</span> <span class='ocrx_word' id='word_1_113' title='bbox 922 1482 1022 1518; x_wconf 83' lang='lat' dir='ltr'>acto.</span> 
     </span>
     <span class='ocr_line' id='line_1_24' title="bbox 216 1537 982 1590; baseline -0.001 -12"><span class='ocrx_word' id='word_1_114' title='bbox 216 1544 287 1578; x_wconf 77' lang='lat'>370</span> <span class='ocrx_word' id='word_1_115' title='bbox 313 1542 358 1577; x_wconf 92' lang='lat' dir='ltr'>tu</span> <span class='ocrx_word' id='word_1_116' title='bbox 391 1539 601 1577; x_wconf 89' lang='lat' dir='ltr'>conamine</span> <span class='ocrx_word' id='word_1_117' title='bbox 634 1537 861 1590; x_wconf 88' lang='lat' dir='ltr'>duplicatus</span> <span class='ocrx_word' id='word_1_118' title='bbox 893 1539 982 1590; x_wconf 92' lang='lat' dir='ltr'>ipso</span> 
     </span>
     <span class='ocr_line' id='line_1_25' title="bbox 312 1597 1154 1650; baseline 0.001 -13"><span class='ocrx_word' id='word_1_119' title='bbox 312 1598 479 1650; x_wconf 86' lang='lat' dir='ltr'>stringis</span> <span class='ocrx_word' id='word_1_120' title='bbox 512 1597 772 1650; x_wconf 86' lang='lat' dir='ltr'>quadriiugos</span> <span class='ocrx_word' id='word_1_121' title='bbox 806 1603 846 1638; x_wconf 86' lang='lat' dir='ltr'>et</span> <span class='ocrx_word' id='word_1_122' title='bbox 878 1604 963 1638; x_wconf 86' lang='lat' dir='ltr'>arte</span> <span class='ocrx_word' id='word_1_123' title='bbox 998 1610 1154 1638; x_wconf 91' lang='lat' dir='ltr'>summa</span> 
     </span>
     <span class='ocr_line' id='line_1_26' title="bbox 311 1657 1152 1712; baseline 0 -14"><span class='ocrx_word' id='word_1_124' title='bbox 311 1659 354 1698; x_wconf 90' lang='lat' dir='ltr'>in</span> <span class='ocrx_word' id='word_1_125' title='bbox 386 1670 529 1710; x_wconf 76' lang='lat' dir='ltr'>gyrum</span> <span class='ocrx_word' id='word_1_126' title='bbox 560 1657 663 1698; x_wconf 88' lang='lat' dir='ltr'>bene</span> <span class='ocrx_word' id='word_1_127' title='bbox 696 1660 915 1711; x_wconf 87' lang='lat' dir='ltr'>septimum</span> <span class='ocrx_word' id='word_1_128' title='bbox 947 1671 1152 1712; x_wconf 81' lang='lat' dir='ltr'>reservas3</span> 
     </span>
     <span class='ocr_line' id='line_1_27' title="bbox 311 1717 1061 1773; baseline 0.001 -15"><span class='ocrx_word' id='word_1_129' title='bbox 311 1717 514 1759; x_wconf 88' lang='lat' dir='ltr'>instabant</span> <span class='ocrx_word' id='word_1_130' title='bbox 546 1718 614 1758; x_wconf 85' lang='lat' dir='ltr'>alii</span> <span class='ocrx_word' id='word_1_131' title='bbox 644 1731 767 1759; x_wconf 90' lang='lat' dir='ltr'>manu</span> <span class='ocrx_word' id='word_1_132' title='bbox 798 1724 918 1772; x_wconf 91' lang='lat' dir='ltr'>atque</span> <span class='ocrx_word' id='word_1_133' title='bbox 950 1731 1061 1773; x_wconf 79' lang='lat' dir='ltr'>voce,</span> 
     </span>
     <span class='ocr_line' id='line_1_28' title="bbox 313 1778 1111 1832; baseline 0.001 -14"><span class='ocrx_word' id='word_1_134' title='bbox 313 1780 466 1832; x_wconf 88' lang='lat' dir='ltr'>passim</span> <span class='ocrx_word' id='word_1_135' title='bbox 498 1783 538 1819; x_wconf 89' lang='lat' dir='ltr'>et</span> <span class='ocrx_word' id='word_1_136' title='bbox 570 1778 753 1819; x_wconf 88' lang='lat' dir='ltr'>deciduis</span> <span class='ocrx_word' id='word_1_137' title='bbox 786 1781 828 1819; x_wconf 92' lang='lat' dir='ltr'>in</span> <span class='ocrx_word' id='word_1_138' title='bbox 860 1791 953 1819; x_wconf 87' lang='lat' dir='ltr'>arva</span> <span class='ocrx_word' id='word_1_139' title='bbox 986 1781 1111 1832; x_wconf 82' lang='lat' dir='ltr'>guttis</span> 
     </span>
     <span class='ocr_line' id='line_1_29' title="bbox 215 1838 1115 1893; baseline -0.002 -12"><span class='ocrx_word' id='word_1_140' title='bbox 215 1848 284 1881; x_wconf 82' lang='lat'>375</span> <span class='ocrx_word' id='word_1_141' title='bbox 312 1843 517 1879; x_wconf 82' lang='lat' dir='ltr'>rectorum</span> <span class='ocrx_word' id='word_1_142' title='bbox 549 1838 833 1893; x_wconf 89' lang='lat' dir='ltr'>alipedumque</span> <span class='ocrx_word' id='word_1_143' title='bbox 867 1839 991 1880; x_wconf 87' lang='lat' dir='ltr'>sudor</span> <span class='ocrx_word' id='word_1_144' title='bbox 1021 1839 1115 1880; x_wconf 90' lang='lat' dir='ltr'>ibat.</span> 
     </span>
     <span class='ocr_line' id='line_1_30' title="bbox 312 1899 1138 1953; baseline 0.001 -14"><span class='ocrx_word' id='word_1_145' title='bbox 312 1912 458 1940; x_wconf 89' lang='lat' dir='ltr'>raucus</span> <span class='ocrx_word' id='word_1_146' title='bbox 491 1899 612 1940; x_wconf 88' lang='lat' dir='ltr'>corda</span> <span class='ocrx_word' id='word_1_147' title='bbox 645 1900 738 1940; x_wconf 82' lang='lat' dir='ltr'>ferit</span> <span class='ocrx_word' id='word_1_148' title='bbox 769 1901 904 1953; x_wconf 82' lang='lat' dir='ltr'>fragor</span> <span class='ocrx_word' id='word_1_149' title='bbox 935 1900 1138 1940; x_wconf 79' lang='lat' dir='ltr'>faventum</span> 
     </span>
     <span class='ocr_line' id='line_1_31' title="bbox 314 1961 1114 2013; baseline 0 -13"><span class='ocrx_word' id='word_1_150' title='bbox 314 1965 433 2012; x_wconf 92' lang='lat' dir='ltr'>atque</span> <span class='ocrx_word' id='word_1_151' title='bbox 466 1961 568 2012; x_wconf 89' lang='lat' dir='ltr'>ipsis</span> <span class='ocrx_word' id='word_1_152' title='bbox 600 1962 755 2013; x_wconf 88' lang='lat' dir='ltr'>pariter</span> <span class='ocrx_word' id='word_1_153' title='bbox 786 1962 884 2001; x_wconf 83' lang='lat' dir='ltr'>viris</span> <span class='ocrx_word' id='word_1_154' title='bbox 918 1961 1114 2013; x_wconf 87' lang='lat' dir='ltr'>equisque</span> 
     </span>
     <span class='ocr_line' id='line_1_32' title="bbox 312 2020 1077 2073; baseline 0.001 -13"><span class='ocrx_word' id='word_1_155' title='bbox 312 2022 356 2060; x_wconf 87' lang='lat' dir='ltr'>fit</span> <span class='ocrx_word' id='word_1_156' title='bbox 389 2032 511 2060; x_wconf 91' lang='lat' dir='ltr'>cursu</span> <span class='ocrx_word' id='word_1_157' title='bbox 544 2020 654 2061; x_wconf 90' lang='lat' dir='ltr'>calor</span> <span class='ocrx_word' id='word_1_158' title='bbox 685 2026 726 2061; x_wconf 88' lang='lat' dir='ltr'>et</span> <span class='ocrx_word' id='word_1_159' title='bbox 756 2023 903 2061; x_wconf 90' lang='lat' dir='ltr'>timore</span> <span class='ocrx_word' id='word_1_160' title='bbox 937 2021 1077 2073; x_wconf 84' lang='lat' dir='ltr'>frigus.</span> 
     </span>
     <span class='ocr_line' id='line_1_33' title="bbox 312 2081 1067 2135; baseline 0.001 -14"><span class='ocrx_word' id='word_1_161' title='bbox 312 2082 395 2121; x_wconf 89' lang='lat' dir='ltr'>itur</span> <span class='ocrx_word' id='word_1_162' title='bbox 427 2082 486 2120; x_wconf 90' lang='lat' dir='ltr'>sic</span> <span class='ocrx_word' id='word_1_163' title='bbox 520 2081 656 2135; x_wconf 81' lang='lat' dir='ltr'>semel,</span> <span class='ocrx_word' id='word_1_164' title='bbox 688 2083 771 2122; x_wconf 91' lang='lat' dir='ltr'>itur</span> <span class='ocrx_word' id='word_1_165' title='bbox 802 2087 843 2122; x_wconf 88' lang='lat' dir='ltr'>et</span> <span class='ocrx_word' id='word_1_166' title='bbox 876 2081 1067 2135; x_wconf 84' lang='lat' dir='ltr'>secund0‚</span> 
     </span>
     <span class='ocr_line' id='line_1_34' title="bbox 215 2141 1191 2195; baseline -0.002 -12"><span class='ocrx_word' id='word_1_167' title='bbox 215 2150 286 2183; x_wconf 87' lang='lat'>380</span> <span class='ocrx_word' id='word_1_168' title='bbox 313 2146 376 2182; x_wconf 91' lang='lat' dir='ltr'>est</span> <span class='ocrx_word' id='word_1_169' title='bbox 408 2142 466 2181; x_wconf 90' lang='lat' dir='ltr'>sic</span> <span class='ocrx_word' id='word_1_170' title='bbox 498 2143 645 2182; x_wconf 90' lang='lat' dir='ltr'>tertius</span> <span class='ocrx_word' id='word_1_171' title='bbox 677 2147 796 2195; x_wconf 88' lang='lat' dir='ltr'>atque</span> <span class='ocrx_word' id='word_1_172' title='bbox 831 2147 1000 2195; x_wconf 84' lang='lat' dir='ltr'>quartus</span> <span class='ocrx_word' id='word_1_173' title='bbox 1033 2141 1191 2195; x_wconf 77' lang='lat' dir='ltr'>orbis3-</span> 
     </span>
     <span class='ocr_line' id='line_1_35' title="bbox 312 2202 1182 2255; baseline 0.001 -14"><span class='ocrx_word' id='word_1_174' title='bbox 312 2203 453 2255; x_wconf 90' lang='lat' dir='ltr'>quinto</span> <span class='ocrx_word' id='word_1_175' title='bbox 486 2203 625 2242; x_wconf 86' lang='lat' dir='ltr'>circite</span> <span class='ocrx_word' id='word_1_176' title='bbox 658 2215 739 2243; x_wconf 89' lang='lat' dir='ltr'>non</span> <span class='ocrx_word' id='word_1_177' title='bbox 771 2202 908 2242; x_wconf 78' lang='lat' dir='ltr'>valens</span> <span class='ocrx_word' id='word_1_178' title='bbox 941 2207 1182 2255; x_wconf 91' lang='lat' dir='ltr'>sequentum</span> 
     </span>
    </p>
   </div>
   <div class='ocr_carea' id='block_1_3' title="bbox 95 2341 1482 2438">
    <p class='ocr_par' dir='ltr' id='par_1_3' title="bbox 95 2341 1482 2438">
     <span class='ocr_line' id='line_1_36' title="bbox 190 2341 1482 2390; baseline 0.001 -11"><span class='ocrx_word' id='word_1_179' title='bbox 190 2345 262 2379; x_wconf 84' lang='grc'>359</span> <span class='ocrx_word' id='word_1_180' title='bbox 287 2341 425 2377; x_wconf 86' lang='lat' dir='ltr'>humili</span> <span class='ocrx_word' id='word_1_181' title='bbox 457 2342 707 2379; x_wconf 77' lang='lat' dir='ltr'>Wilamowitz</span> <span class='ocrx_word' id='word_1_182' title='bbox 725 2344 737 2388; x_wconf 82' lang='grc' dir='ltr'>ΙΙ</span> <span class='ocrx_word' id='word_1_183' title='bbox 757 2347 825 2380; x_wconf 88' lang='grc'>361</span> <span class='ocrx_word' id='word_1_184' title='bbox 853 2341 1005 2378; x_wconf 81' lang='lat' dir='ltr'>remisit:</span> <span class='ocrx_word' id='word_1_185' title='bbox 1029 2343 1162 2390; x_wconf 81' lang='lat' dir='ltr'>vu190;</span> <span class='ocrx_word' id='word_1_186' title='bbox 1187 2341 1319 2379; x_wconf 75' lang='lat' dir='ltr'>emisit</span> <span class='ocrx_word' id='word_1_187' title='bbox 1343 2343 1449 2380; x_wconf 82' lang='lat' dir='ltr'>codd.</span> <span class='ocrx_word' id='word_1_188' title='bbox 1469 2347 1482 2390; x_wconf 71' lang='lat'>1}</span> 
     </span>
     <span class='ocr_line' id='line_1_37' title="bbox 95 2389 728 2438; baseline 0.002 -12"><span class='ocrx_word' id='word_1_189' title='bbox 95 2393 167 2427; x_wconf 80' lang='lat'>364</span> <span class='ocrx_word' id='word_1_190' title='bbox 192 2391 284 2426; x_wconf 76' lang='lat' dir='ltr'>tunc</span> <span class='ocrx_word' id='word_1_191' title='bbox 311 2391 464 2438; x_wconf 61' lang='lat' dir='ltr'>1⁷53?ss</span> <span class='ocrx_word' id='word_1_192' title='bbox 490 2389 602 2427; x_wconf 87' lang='lat' dir='ltr'>favor</span> <span class='ocrx_word' id='word_1_193' title='bbox 630 2391 728 2438; x_wconf 79' lang='lat' dir='ltr'>GTn</span> 
     </span>
    </p>
   </div>
  </div>
 </body>
</html>
