1592 2612
344 159 573 198 SIDONIUS
597 159 811 197 PLACIDO
838 158 932 196 SUO
959 158 1203 196 SALUTEM.
1412 157 1471 201 69

82 276 159 318 per
195 264 304 304 hunc
336 263 575 317 Spartacum
614 274 892 316 quaecumque
932 266 1027 302 sunt
1061 260 1199 302 clausa
1230 261 1473 314 franguntur

83 337 268 379 quaeque
306 323 492 365 obserata
529 328 783 377 reserantur3
827 324 902 376 ita,
948 322 1074 376 quod,
1119 334 1221 375 quas
1259 321 1474 362 domorum

82 386 315 440 nequiverit
343 384 543 425 machinis
575 389 738 437 apertae
771 382 988 424 simultatis
1021 385 1238 437 impetere,
1272 381 1474 423 cuniculis

85 446 359 487 clandestinae
391 445 635 499 proditionis
667 446 888 498 impugnat.
939 444 1017 485 hoc
1049 443 1248 484 fabricatu
1273 442 1474 484 Daedalus

83 512 224 548 noster
261 508 534 547 amicitiarum
571 505 732 546 6111111611
770 505 973 558 aedificat,
1013 506 1084 558 qui
1123 506 1230 545 sicut
1267 503 1473 545 sodalibus

85 567 196 609 velut
231 567 413 608 Theseus
457 569 565 607 inter
609 566 786 607 secunda
832 567 1029 619 sociatur,
1074 567 1132 606 sic
1174 565 1224 606 ab
1261 565 1326 605 his
1363 569 1474 618 post-

84 628 251 669 modum
288 627 398 669 velut
427 627 600 668 Proteus
639 629 747 667 inter
779 626 946 667 adversa
979 598 1184 667 dilabitur.
1249 623 1318 666 11.
1351 627 1477 679 igitur

85 703 135 731 ex
166 694 259 730 voto
286 701 378 730 meo
405 689 566 743 feceris,
599 690 635 728 si
660 687 802 728 talium
831 686 1034 727 sodalitati
1059 700 1110 727 ne
1138 691 1361 740 congressu
1388 687 1477 740 qui-

86 750 180 791 dem
204 751 384 803 primore
411 750 582 803 sociere,
606 761 792 789 maxume
820 747 996 802 illorum,
1023 760 1197 801 quorum
1218 746 1476 788 sermonibus

86 812 316 865 prostitutis
349 823 394 850 36
426 809 691 850 theatralibus
722 809 852 850 nullas
883 808 1075 863 habenas,
1109 808 1220 849 nulla
1250 809 1477 862 praemittit

87 870 278 925 repagula
297 871 440 924 pudor.
476 883 569 910 nam
590 869 739 923 quibus
760 871 861 910 citra
880 870 1105 910 honestatis
1125 871 1301 909 nitorem
1322 870 1477 909 iactita-

88 932 238 973 bundis
269 931 450 985 loquacis
482 931 593 971 faece
626 931 870 984 petulantiae
903 930 1040 983 lingua
1065 930 1262 984 polluitur
1292 930 1478 982 infrenis,

88 993 154 1034 his
179 993 429 1034 conscientia
458 1004 619 1045 quoque
647 991 970 1032 sordidatissima
997 996 1070 1031 est.
1116 991 1292 1044 denique
1318 990 1479 1031 facilius

89 1052 282 1107 obtingit,
319 1058 366 1093 ut
404 1054 606 1106 quispiam
639 1054 744 1093 seria
782 1052 953 1105 loquens
984 1053 1091 1092 vivat
1123 1052 1320 1106 obscene,
1359 1063 1480 1105 quam

88 1113 217 1155 valeat
242 1113 415 1168 ostendi,
441 1115 511 1166 qui
535 1114 691 1166 pariter
717 1115 864 1153 existat
889 1112 1100 1166 improbus
1122 1113 1241 1153 (116115
1262 1117 1303 1152 61
1328 1111 1481 1165 probus
1518 1125 1536 1152 5

90 1174 286 1215 moribus.
337 1174 435 1214 vale.

727 1303 848 1349 XIV.

353 1387 582 1424 SIDONIUS
607 1387 817 1424 PLAClDO
845 1386 939 1424 SUO
967 1386 1213 1424 SALUTEM.

188 1464 226 1506 1.
250 1465 503 1518 Quamquam
528 1471 568 1506 te
587 1471 656 1505 tua
676 1469 790 1505 tenet
810 1464 1118 1519 Gratianopolis,
1145 1465 1327 1517 comperi
1345 1469 1482 1504 tamen

93 1527 301 1580 hospitum
332 1531 517 1566 veterum
549 1525 629 1565 fido
661 1525 805 1579 relatu,
837 1525 944 1577 quod
976 1537 1088 1565 meas
1119 1537 1248 1578 nugas
1278 1526 1362 1565 sive
1388 1537 1484 1565 con-

94 1588 220 1628 sectas
253 1599 375 1640 opere
407 1588 591 1640 prosario
624 1599 698 1626 seu
728 1591 940 1639 poetarum
974 1585 1066 1625 stilo
1094 1585 1364 1626 cantilenosas
1390 1585 1483 1638 plus

93 1647 345 1689 voluminum
370 1646 544 1687 lectione
572 1647 738 1699 dignere
766 1647 1050 1699 repositorum.
1096 1646 1251 1699 gaudeo
1277 1645 1355 1686 hoc
1381 1648 1483 1699 ipso,

94 1709 202 1763 quod
234 1709 452 1760 recognovi
477 1707 672 1748 chartulis
699 1708 889 1760 occupari
912 1708 1064 1746 nostris
1091 1708 1220 1747 otium
1244 1711 1379 1760 tuum3
1413 1707 1485 1746 sed

94 1768 221 1824 probe
260 1768 471 1823 intellego,
510 1768 617 1822 quod
656 1767 839 1808 moribus
874 1769 956 1808 tuis
988 1767 1091 1807 113116
1124 1766 1371 1820 voluptatem
1403 1780 1486 1806 non

96 1831 233 1884 operis
264 1829 433 1870 effectus
466 1829 629 1870 excudit
662 1828 732 1869 sed
766 1829 943 1869 auctoris
976 1828 1156 1882 affectus,
1188 1828 1362 1880 ideoque
1393 1827 1486 1880 plus

96 1890 238 1944 debeo,
278 1892 371 1943 quia
406 1889 558 1942 gloriae
591 1895 806 1943 punctum,
844 1888 952 1942 quod
985 1889 1154 1929 dictioni
1185 1900 1374 1941 negareS,
1414 1888 1486 1928 das

96 1952 309 1992 amicitiae.
373 1949 413 1991 2.
447 1951 495 1990 (16
535 1952 684 1991 6616115
723 1963 818 1990 vero
858 1949 983 1989 studii
1016 1950 1145 1989 nostri
1178 1948 1486 2002 derogatoribus

98 2012 195 2065 quid
234 2023 284 2051 ex
321 2023 411 2051 asse
450 2012 729 2065 pronuntiem,
770 2010 945 2051 necdum
983 2009 1215 2050 deliberavi.
1285 2021 1378 2049 nam
1417 2010 1488 2062 qui

98 2084 285 2113 maxume
318 2071 461 2112 doctus
494 2071 573 2112 sibi
602 2072 774 2125 videtur,
807 2071 1027 2111 dictionem
1060 2083 1196 2110 sanam
1231 2075 1271 2110 et
1302 2071 1487 2110 insanam

98 2133 225 2173 ferme
271 2133 452 2185 appetitu
496 2134 585 2185 pari
626 2132 812 2185 revolvit,
856 2144 938 2171 non
980 2131 1153 2184 amplius
1193 2131 1487 2183 concupiscens

1498 823 1534 850 10

1503 1600 1539 1626 20

1506 1901 1541 1929 25

99 2199 248 2247 616613,
280 2205 382 2246 quae
415 2193 563 2247 laudet,
596 2205 715 2245 quam
749 2192 950 2246 despecta,
984 2205 1084 2245 quae
1112 2191 1254 2231 rideat.
1297 2195 1417 2244 atque
1444 2192 1487 2231 in
1506 2207 1542 2233 30

198 2314 220 2345 2
248 2309 440 2356 quaeque]
475 2319 739 2354 quaecumque
767 2309 801 2344 T
836 2311 849 2353 ΙΙ
886 2313 907 2344 6
934 2307 1011 2356 1115]
1037 2307 1116 2343 illis
1146 2307 1178 2344 Ο
1210 2309 1223 2354 ΙΙ
1260 2310 1282 2342 8
1308 2318 1379 2343 1166
1407 2308 1442 2343 Τ
1475 2308 1488 2356 Ι

103 2361 150 2394 10
173 2357 391 2404 praemittit
416 2357 491 2403 (vel
523 2368 591 2403 per
614 2368 642 2394 8
671 2358 694 2393 l.
722 2358 808 2394 add.
836 2358 900 2393 M²
909 2357 986 2401 ›M‚
1018 2354 1211 2402 permittit
1237 2356 1272 2392 T
1304 2358 1317 2402 ΙΙ
1358 2360 1400 2392 17
1426 2357 1487 2392 in-

101 2407 226 2461 script.
254 2417 323 2443 om
343 2406 410 2452 Lu
430 2409 475 2440 23
502 2405 741 2452 voluptatem
767 2406 855 2442 LN
860 2405 911 2441 M
917 2406 951 2440 Τ
960 2404 1003 2450 C
1036 2404 1276 2440 voluntatem
1299 2416 1400 2441 man.
1422 2416 1485 2450 pr.

101 2455 146 2490 in
176 2454 348 2491 Vatican.
369 2457 491 2499 3421‚·
516 2455 563 2499 cf.
590 2466 645 2500 ep.
672 2454 747 2493 IX.
769 2458 805 2499 9,
825 2457 880 2500 911
901 2458 945 2489 ’27
972 2453 1075 2499 quod
1105 2453 1137 2490 G
1154 2455 1159 2499 Ι
1181 2452 1352 2489 nondum
1380 2453 1439 2500 Cu
