1592 2612
304 150 534 188 SIDONIUS
560 149 875 188 CONSTANTIO
902 150 998 188 SUO
1027 150 1272 188 SALUTEM.
1428 150 1487 194 53

95 253 243 295 reditu.
307 251 346 295 3.
380 257 422 294 et
451 251 548 292 licet
580 254 760 293 sororiae
787 253 1026 294 hereditatis
1052 253 1132 294 duo
1159 258 1370 293 consortes
1396 266 1487 294 esse

96 314 334 369 videamini,
375 312 560 367 exemplo
602 318 739 354 tamen
776 314 873 354 fidei
915 319 1007 354 tuae
1048 318 1258 368 superstes
1296 326 1489 367 germana

97 380 298 416 commota
330 379 393 415 est
424 374 474 415 ad
504 373 602 414 boni
634 376 770 427 operis
796 376 1076 415 imitationem.
1134 376 1269 428 itaque
1296 374 1373 415 tibi
1398 387 1488 416 cae-

96 435 193 477 litus
224 437 315 478 iure
346 435 585 476 redhibetur
621 437 683 476 tui
720 436 816 476 facti
847 437 1058 490 meritum,
1096 435 1218 476 alieni
1249 437 1488 476 incitamen-

94 503 194 538 tum.
257 509 338 549 quo
370 496 433 550 fit,
477 501 523 536 ut
560 497 767 549 reperiare
807 496 1091 552 dignissimus,
1136 508 1257 550 quem
1296 497 1488 537 divinitas
1526 509 1544 536 5

94 559 289 599 inusitato
331 568 595 598 successuum
637 569 785 610 genere
834 557 1043 612 sublimet3
1088 570 1191 611 quae
1232 562 1371 598 tamen
1412 570 1488 598 nec

96 618 167 659 diu
199 617 357 659 distulit
387 617 620 670 religiosam
652 617 910 659 devotionem
942 618 1223 672 centuplicatis
1250 617 1489 672 opulentare

95 678 336 720 muneribus
369 691 565 733 quaeque,
596 683 641 719 ut
667 678 921 733 confidimus,
952 679 1079 720 nihilo
1107 681 1272 732 segnius
1299 678 1488 720 caelestia

95 739 309 794 largietur,
355 752 447 780 cum
485 744 649 780 terrena
687 741 767 779 iam
807 740 982 780 solverit.
1053 739 1262 781 Nicetiana
1299 752 1488 794 namque,

96 802 133 841 si
182 802 340 854 nescis,
389 800 595 840 hereditas
646 799 842 841 Cuticiaci
894 813 1118 854 supernum
1167 803 1346 854 pretium
1397 801 1543 841 fuit.1o

95 861 137 902 4.
171 861 278 914 quod
311 866 449 915 restat,
481 862 759 915 exposcimus,
790 867 835 902 ut
867 863 974 902 sicut
1006 861 1203 902 ecclesiae
1235 867 1399 902 nostrae
1431 863 1488 902 ita

96 923 219 963 etiam
251 923 426 962 civitatis
465 934 593 974 aeque
625 921 701 961 tibi
740 923 793 962 sit
825 935 923 962 cura
955 924 1201 977 communis,
1246 935 1348 976 quae
1394 935 1487 963 cum

96 982 211 1037 olim,
254 987 342 1023 tum
386 981 551 1023 debebit
591 994 640 1022 ex
684 982 762 1023 1100
805 985 1024 1037 praecipue
1061 989 1243 1036 tempore
1283 983 1332 1023 ad
1370 988 1488 1024 tuum

95 1044 369 1097 patrocinium
412 1042 476 1083 vel
514 1042 565 1083 ob
603 1048 718 1083 tuum
759 1045 1048 1096 patrimonium
1087 1046 1305 1097 pertinere.
1379 1044 1486 1097 quod

96 1105 213 1144 cuius
254 1105 391 1144 meriti
429 1115 520 1144 esse
561 1105 709 1157 possit,
753 1106 903 1157 quippe
949 1107 986 1145 si
1026 1110 1161 1146 vestra
1202 1104 1346 1145 crebro
1385 1104 1485 1145 illud
1506 1116 1542 1144 15

94 1166 327 1218 praesentia
371 1165 536 1218 invisat,
579 1164 643 1204 vel
675 1164 817 1205 Gothis
857 1165 1029 1220 credite,
1075 1167 1147 1219 qui
1192 1178 1486 1219 saepenumero

95 1226 217 1266 etiam
248 1225 540 1279 Septimaniam
579 1237 694 1266 suam
732 1225 943 1267 fastidiunt
980 1226 1044 1267 vel
1082 1226 1322 1281 refundunt,
1366 1226 1486 1266 modo

94 1286 286 1326 invidiosi
317 1286 439 1326 11111115
471 1285 607 1338 anguli
640 1287 762 1327 etiam
788 1286 966 1328 desolata
993 1289 1241 1341 proprietate
1267 1289 1486 1340 potiantur.

95 1343 135 1388 5.
169 1346 241 1387 sed
274 1347 334 1387 fas
367 1351 430 1387 est
459 1346 647 1400 praesule
680 1347 756 1387 deo
788 1347 903 1387 vobis
941 1349 1050 1389 inter
1088 1361 1158 1388 eos
1191 1353 1232 1388 et
1263 1347 1486 1401 rempubli-

95 1419 185 1447 cam
216 1407 363 1448 mediis
395 1408 529 1448 animo
560 1409 760 1460 quietiora
787 1409 1015 1463 concipere,
1048 1411 1156 1463 quia,
1187 1410 1266 1449 etsi
1292 1408 1352 1449 illi
1376 1414 1486 1449 vete·
1507 1421 1543 1447 20

96 1480 188 1508 rum
220 1468 363 1508 finium
394 1467 592 1508 limitibus
625 1468 802 1508 effractis
841 1471 953 1509 omni
989 1469 1053 1510 vel
1091 1472 1242 1510 virtute
1279 1469 1343 1510 vel
1380 1469 1486 1510 mole

97 1530 371 1581 possessionis
402 1527 589 1568 turbidae
618 1534 746 1569 metas
773 1530 816 1569 in
840 1528 1080 1570 Rhodanum
1106 1531 1366 1583 Ligerimque
1392 1542 1486 1583 pro-

97 1590 330 1643 terminant,
361 1593 495 1629 vestra
526 1594 662 1629 tamen
691 1591 911 1630 auctoritas
936 1603 1011 1643 pro
1038 1591 1233 1644 dignitate
1261 1592 1486 1631 sententiae

98 1651 158 1690 sic
189 1654 346 1703 partem
371 1655 584 1702 utramque
610 1649 899 1704 moderabitur,
930 1657 976 1691 ut
1002 1657 1042 1692 et
1067 1657 1206 1692 nostra
1233 1651 1363 1692 discat
1388 1651 1486 1704 quid

99 1709 246 1750 debeat
282 1722 451 1764 negare,
495 1722 587 1750 cum
625 1712 795 1765 petitur,
840 1716 880 1751 et
911 1724 1081 1765 poscere
1114 1713 1281 1753 adversa
1314 1711 1485 1766 desinat,
1505 1723 1539 1752 25

98 1783 192 1811 cum
223 1776 405 1824 negatur.
468 1770 565 1811 vale.

765 1901 821 1945 H.

310 1983 540 2021 SIDONIUS
566 1983 879 2021 CONSTANTIO
907 1984 1001 2022 SUO
1029 1984 1270 2022 SALUTEM.

190 2059 228 2102 1.
279 2060 434 2102 Salutat
483 2061 658 2115 populus
703 2062 928 2117 Arvernus,
985 2064 1101 2103 cuius
1151 2075 1273 2116 parva
1323 2066 1486 2117 tuguria

97 2133 268 2174 magnus
300 2121 449 2175 hospes
482 2122 673 2177 implesti,
704 2135 786 2163 non
812 2122 1051 2163 ambitiosus
1078 2125 1271 2164 comitatu
1304 2124 1374 2165 sed
1402 2137 1484 2165 am-

192 2254 215 2286 2
241 2250 388 2305 tamen]
418 2251 458 2286 et
481 2261 558 2286 non
581 2250 614 2287 Ο
626 2252 639 2297 ΙΙ
658 2254 681 2286 3
708 2251 835 2297 operis
861 2263 930 2288 om.
956 2251 988 2288 0
1001 2254 1014 2298 fl
1035 2255 1055 2287 6
1083 2262 1327 2288 successuum
1346 2253 1437 2290 LN
1440 2254 1484 2300 T

97 2297 382 2334 successionum
403 2299 454 2334 M
460 2298 499 2345 (J
524 2298 587 2335 vel
614 2311 743 2335 sorum
762 2300 823 2336 vel
848 2311 957 2335 suum
984 2312 1011 2336 s.
1034 2301 1057 2336 l.
1079 2301 1166 2336 add.
1187 2300 1283 2348 M‘fl
1304 2305 1348 2338 17
1375 2303 1485 2338 tuam

96 2345 144 2392 L,
176 2348 286 2382 tuam
311 2358 405 2384 corr.
432 2349 475 2383 in
508 2358 616 2383 5113111
643 2348 707 2383 M¹
728 2350 735 2395 1
756 2349 818 2384 vel
844 2360 912 2385 om
943 2348 1007 2393 Cu
1036 2352 1082 2383 22
1108 2347 1345 2396 ligeremque
1372 2353 1483 2394 (corr.

94 2395 142 2430 in
164 2394 393 2441 ligerimque
420 2395 605 2440 MULM
685 2400 733 2433 28
760 2396 907 2432 salutat
931 2396 1085 2442 LNM,
1119 2397 1266 2434 salutat
1300 2400 1340 2434 te
1368 2399 1411 2445 T,
1443 2401 1483 2434 te

96 2453 125 2479 ε.
152 2443 175 2480 l.
202 2444 290 2481 add.
320 2444 385 2488 0¹‚·
410 2445 457 2489 cf.
484 2455 539 2491 ep
567 2444 612 2490 V,
632 2447 694 2490 16,
713 2448 833 2491 51129
860 2444 1089 2481 ambitiosus
1112 2445 1289 2494 LVMG,
1316 2448 1377 2483 vel
1405 2458 1486 2483 am·
