1592 2612
337 133 567 172 SIDONIUS
591 132 802 171 DOMITIO
829 132 923 171 SUO
949 133 1193 171 SALUTEM.
1405 132 1462 175 31

74 251 206 293 usque
231 239 276 280 in
301 239 525 291 marginem
550 236 679 291 villae,
706 249 807 289 quae
835 238 879 277 in
899 236 1056 276 Borean
1074 235 1348 288 Austrumque
1369 247 1465 275 con-

72 301 205 341 versis
236 298 439 340 frontibus
464 298 656 339 tenditur.
707 295 748 338 4.
780 297 987 338 balineum
1018 296 1067 337 ab
1092 296 1228 336 Africo
1258 295 1464 336 radicibus

73 372 312 402 nemorosae
343 360 457 413 rupis
489 358 754 412 adhaerescit,
786 363 827 399 et
860 359 895 399 si
921 357 1073 398 caedua
1097 369 1173 410 per
1197 358 1339 410 iugum
1366 355 1464 396 silva

72 426 306 476 truncetur,
342 422 387 461 in
425 432 495 469 ora
527 420 703 460 fornacis
735 419 851 473 lapsu
882 418 993 460 velut
1025 423 1247 471 spontaneo
1279 417 1464 458 deciduis

76 482 258 524 struibus
288 482 539 544 impingitur.
590 480 687 521 hinc
719 493 915 534 aquarum
948 481 1080 532 surgit
1113 478 1213 519 cella
1245 477 1464 532 coctilium,
1502 489 1520 516 5

77 556 180 598 quae
213 543 480 595 consequenti
510 542 805 612 unguentariae
838 542 959 595 spatii
989 533 1190 594 parilitate
1217 538 1467 593 conquadrat

75 608 245 658 excepto
272 602 365 644 solii
390 603 551 656 capacis
576 601 828 656 hemicyclio,
859 602 931 643 ubi
957 606 998 642 et
1022 602 1083 641 vis
1110 600 1242 641 undae
1269 600 1465 640 ferventis

74 677 150 719 per
174 665 372 718 parietem
398 664 685 704 foraminatum
709 663 856 703 flexilis
882 662 1038 716 plumbi
1063 660 1264 702 meatibus
1284 660 1466 714 inplicita

76 725 280 780 singultat.
330 726 438 766 intra
476 723 665 765 conclave
704 736 946 764 succensum
985 722 1140 764 solidus
1173 722 1261 762 dies
1294 726 1335 762 et
1365 721 1466 762 haec

75 786 320 828 abundantia
346 786 450 827 lucis
476 784 670 839 inclusae,
695 789 740 825 ut
763 783 1015 825 verecundos
1042 795 1225 836 quosque
1252 781 1467 836 compellat
1485 794 1522 821 ιο

74 847 228 901 aliquid
273 859 316 887 se
362 846 454 900 plus
492 851 635 899 putare
674 858 795 899 quam
834 845 976 886 nudos.
1040 843 1080 885 5.
1122 843 1217 884 hinc
1256 843 1466 896 frigidaria

75 908 284 963 dilatatur,
329 919 431 961 quae
469 907 648 961 piscinas
685 906 860 960 publicis
902 905 1095 959 operibus
1140 908 1345 945 extructas
1383 916 1466 944 non

76 969 335 1022 impudenter
372 967 656 1008 aemularetur.
726 968 903 1020 primum
947 967 1046 1006 tecti
1084 967 1198 1022 apice
1236 965 1279 1004 in
1318 977 1466 1005 conum

77 1030 342 1084 cacuminato,
369 1041 462 1069 cum
482 1027 531 1068 ab
552 1027 710 1081 angulis
730 1027 1019 1080 quadrifariam
1041 1027 1326 1067 concurrentia
1346 1025 1466 1065 dorsa

76 1092 294 1132 cristarum
329 1061 479 1143 'tegulis
517 1088 853 1129 interiacentibus
883 1087 1199 1128 imbricarentur
1231 1082 1339 1142 (ipsa
1369 1098 1466 1126 vero
1487 1098 1522 1125 15

78 1149 414 1192 convenientibus
440 1151 645 1190 mensuris
672 1141 928 1190 exactissima
955 1149 1206 1201 spatiositate
1234 1147 1467 1200 quadratur,

78 1213 136 1253 ita
173 1217 220 1253 ut
265 1212 590 1252 ministeriorum
635 1223 725 1251 sese
771 1222 854 1250 non
891 1209 1139 1262 impediente
1176 1207 1371 1248 famulatu
1407 1212 1467 1247 tot

78 1274 210 1326 possit
234 1273 418 1325 recipere
448 1270 580 1325 sellas,
606 1276 705 1324 quot
730 1270 833 1311 solet
858 1272 986 1324 sigma
1012 1264 1241 1325 personas),
1266 1268 1466 1309 fenestras

76 1346 98 1373 e
138 1334 305 1386 regione
343 1331 530 1373 conditor
566 1332 683 1372 binas
721 1332 896 1372 confinio
936 1342 1117 1371 camerae
1151 1329 1366 1383 pendentis
1398 1329 1467 1369 ad-

77 1396 215 1448 movit,
246 1399 292 1435 ut
325 1394 619 1446 suspicientum
650 1394 757 1433 visui
788 1391 1053 1432 fabrefactum
1085 1390 1251 1431 lacunar
1276 1391 1464 1444 aperiret.
1485 1403 1521 1429 20

77 1456 249 1495 interior
274 1455 476 1508 parietum
501 1454 624 1494 facies
651 1453 737 1493 solo
762 1453 924 1505 levigati
950 1448 1150 1493 caementi
1175 1451 1350 1491 candore
1371 1463 1465 1491 con-

76 1519 188 1556 tenta
207 1519 281 1556 est.
320 1513 359 1555 6.
378 1526 462 1554 non
480 1514 547 1554 hic
566 1526 641 1566 per
659 1514 809 1554 nudam
828 1515 1031 1566 pictorum
1051 1524 1269 1565 corporum
1288 1511 1466 1564 pulchri-

77 1575 262 1616 tudinem
299 1576 431 1628 turpis
470 1579 626 1627 prostat
663 1574 851 1628 historia,
891 1586 992 1626 quae
1032 1574 1139 1613 sicut
1177 1577 1294 1613 ornat
1326 1577 1466 1626 artem,

79 1638 139 1677 sic
165 1636 404 1677 devenustat
430 1635 638 1675 artificem.
690 1634 837 1675 absunt
862 1633 1024 1674 ridiculi
1050 1634 1198 1673 vestitu
1225 1638 1264 1673 et
1289 1632 1466 1673 vultibus

77 1697 299 1738 histriones
318 1697 536 1750 pigmentis
560 1695 883 1736 multicoloribus
902 1694 1154 1734 Philistionis
1174 1692 1467 1746 supellectilem
1486 1706 1522 1733 25

78 1759 335 1807 mentientes.
387 1756 536 1797 absunt
567 1755 715 1797 lubrici
740 1757 993 1808 tortuosique
1021 1753 1203 1808 pugilatu
1230 1759 1270 1794 et
1295 1753 1467 1794 nexibus

79 1817 349 1872 palaestritae,
382 1829 556 1871 quorum
588 1818 711 1857 etiam
742 1818 947 1857 viventum
979 1815 1120 1869 luctas,
1152 1816 1188 1854 si
1213 1815 1280 1855 im
1284 1814 1468 1854 olvantur

81 1878 311 1933 obscenius,
337 1883 447 1919 casta
473 1878 687 1918 confestim
714 1876 1115 1931 gymnasiarchorum
1141 1876 1253 1928 virga
1273 1874 1466 1915 dissolvit.

33 1971 35 1973 -
83 1937 120 1980 7.
161 1939 257 1993 quid
295 1936 442 1992 plura?
489 1938 590 1979 nihil
628 1938 708 1978 illis
746 1939 905 1992 paginis
935 1929 1189 1990 impressum
1228 1937 1468 1989 reperietur,

178 2096 196 2128 1
223 2092 369 2129 borean
394 2091 535 2138 LVM,
561 2091 719 2127 boream
747 2091 818 2128 CT
846 2093 858 2136 ΙΙ
889 2095 910 2127 2
938 2089 1136 2126 balineum
1155 2088 1257 2143 ‚LN‚
1284 2087 1466 2124 balneum

81 2139 175 2188 Mo,
199 2139 395 2177 balineum
420 2151 514 2177 corr.
541 2140 584 2176 in
609 2139 792 2176 balneum
819 2140 869 2176 T²
888 2142 940 2186 {17
967 2137 1036 2174 ubi
1062 2139 1101 2174 et
1129 2136 1185 2172 vis
1211 2117 1339 2172 undae
1363 2147 1418 2183 sp
1442 2138 1467 2172 9

82 2188 105 2224 1.
130 2199 164 2226 v.
190 2200 259 2226 om.
280 2188 317 2225 L
335 2191 348 2235 ss
367 2193 389 2225 9
414 2187 518 2225 inter
545 2187 710 2235 0T1113
738 2188 952 2224 aemuletur
979 2187 1014 2223 T
1036 2188 1048 2233 ΙΙ
1076 2189 1120 2221 15
1147 2185 1234 2232 ipsa.
1262 2195 1353 2221 vero
1380 2195 1467 2220 con-

81 2235 324 2273 venientibus
351 2236 657 2291 (concinentibus
683 2237 901 2274 Wouweren
920 2240 954 2272 et
974 2235 1132 2281 Sava-ro)
1151 2232 1338 2269 mensuris
1359 2243 1467 2269 exac-

82 2283 235 2322 tissima
267 2284 515 2332 spatiositate
549 2285 758 2330 quadratur
789 2287 860 2322 ins.
882 2289 969 2331 post
1000 2282 1296 2319 imbricarentur
1320 2281 1468 2318 Nanzii

81 2333 208 2380 codex,
226 2339 313 2381 post
336 2345 519 2381 personas
546 2333 754 2370 Vaticanus
778 2334 860 2381 Rey
861 2335 947 2370 inae
969 2334 1059 2376 216,
1084 2331 1295 2377 Philippici
1313 2334 1414 2367 1685
1434 2334 1469 2367 et

83 2383 179 2418 3671
194 2345 354 2429 bliique,
372 2394 440 2419 om.
455 2382 544 2427 ΖΝ
554 2382 639 2418 VM
648 2382 718 2418 CT
734 2385 746 2430 ΙΙ
767 2386 811 2418 18
833 2347 947 2428 solet]
969 2360 1059 2415 solii’
1070 2379 1256 2416 Sit-mend
1276 2380 1288 2426 Ι]
1308 2382 1354 2415 19
1373 2390 1468 2425 pen-

82 2429 216 2467 dentes
247 2431 324 2469 VT
339 2432 353 2477 11
372 2434 419 2467 20
445 2429 736 2477 suspicientium
765 2431 819 2477 C'l
840 2430 1001 2466 lucunar
1026 2428 1112 2464 LN
1127 2430 1141 2475 ΙΙ
