1592 2612
121 5 127 13 ι
163 9 168 18 ι
187 4 258 29 „first
270 0 316 21 ,ω’
335 0 419 17 w*

287 140 517 181 smomos
541 141 874 179 PAPIAmnAn
901 142 1030 180 suan
1057 120 1307 180 SALUTEM'.
1407 141 1493 186 119

748 288 846 334 XV.

372 372 605 410 smomns
628 342 832 409 nummo
859 372 954 410 suo
981 351 1226 409 SALUTEM.

197 449 237 493 1.
274 449 410 492 Officii
450 463 638 491 sermone
675 451 855 504 praefato
888 450 1161 504 bybliopolam
1192 455 1380 491 nostrum
1411 463 1496 491 non

94 514 280 567 gratiose
312 511 384 552 sed
421 510 668 552 iudicialiter
699 516 892 565 expertus
924 513 1107 566 insinuo,
1146 513 1263 552 cuius
1294 516 1341 552 ut
1372 511 1495 551 fidem

102 575 147 614 in
177 578 343 627 pectore
376 573 436 613 sic
460 574 504 612 in
530 584 653 625 opere
679 571 930 613 celeritatem
957 573 1066 613 circa
1092 572 1302 612 dominum
1326 577 1368 612 te
1394 571 1496 612 mihi

103 633 266 688 sibique
303 645 562 674 communem
599 634 698 673 satis
735 632 895 673 abunde
932 632 1111 686 probavi.
1182 632 1332 673 librum
1369 634 1495 685 igitur
1532 643 1552 671 5

103 694 170 735 hic
201 696 290 748 ipse
323 693 509 747 deportat
539 693 818 748 heptateuchi,
850 695 1049 746 scriptum
1079 693 1291 734 velocitate
1325 705 1495 747 summa,

102 767 264 795 summo
294 756 446 808 nitore,
488 766 732 807 quamquam
763 759 805 794 et
837 767 859 794 a
890 754 1009 794 nohis
1041 753 1239 794 relectum
1270 758 1312 794 et
1342 759 1495 794 retrac-

101 820 243 856 tatum.
294 815 426 855 defert
461 814 651 855 volumen
682 819 724 855 et
754 815 1063 868 prophetarum,
1100 814 1197 855 licet
1227 827 1293 855 me
1325 813 1495 855 absente

101 876 340 930 decursum,
379 888 451 916 sua
487 880 624 915 tamen
662 888 759 916 cura
790 888 994 928 manuque
1025 875 1075 915 de
1109 876 1371 928 supervacuis
1404 887 1496 915 sen-

100 938 243 977 tentiis
281 935 560 990 eruderatum,
601 948 677 976 nec
716 948 877 989 semper
914 935 984 976 illo
1025 941 1167 976 contra
1204 935 1382 989 legente,
1424 937 1496 989 qui
1515 949 1552 976 10

101 998 347 1051 promiserat
378 1009 542 1050 operam
575 1009 707 1050 suam3
739 997 874 1051 credo,
907 998 1001 1049 quia
1027 997 1243 1037 infirmitas
1270 997 1396 1036 fuerit
1420 998 1495 1036 im-

100 1057 355 1112 pedimentO,
400 1058 618 1110 quominus
654 1056 835 1110 pollicita
874 1056 1108 1110 compleret.
1180 1055 1222 1098 2.
1260 1062 1405 1111 restat,
1449 1062 1495 1097 ut

99 1118 327 1159 exhortatio
364 1123 500 1158 vestra
535 1130 607 1158 seu
645 1119 811 1171 sponsio
850 1117 1045 1158 famulum
1077 1119 1137 1158 sic
1168 1117 1231 1158 vel
1264 1117 1497 1158 studentem

99 1178 261 1232 placere
292 1177 357 1218 vel
388 1180 581 1218 meritum
612 1179 741 1231 gratia
773 1180 1021 1232 competenti
1052 1183 1358 1233 remuneretur3
1391 1191 1494 1231 quae

99 1240 242 1292 utique
273 1251 349 1293 pro
380 1239 451 1279 tali
482 1238 618 1279 labore
652 1240 688 1279 si
721 1238 908 1293 solvitur,
939 1240 1108 1292 incipiet
1140 1239 1190 1279 ad
1222 1244 1396 1279 vestram
1429 1251 1494 1279 re·
1515 1252 1550 1278 15

100 1301 262 1353 spicere
286 1299 530 1340 mercedem.
573 1299 645 1340 sed
672 1312 764 1340 cum
790 1300 867 1340 hoc
894 1312 968 1352 ego
996 1299 1046 1340 de
1073 1299 1157 1340 sola
1184 1301 1312 1353 gratia
1337 1312 1495 1354 precer,

99 1372 172 1400 vos
205 1359 303 1413 quid
334 1365 541 1400 mereatur
573 1362 754 1414 aspicite,
788 1373 909 1413 quem
935 1365 1092 1401 constat
1118 1361 1308 1401 affectum
1339 1360 1496 1400 domini

101 1421 230 1473 magis
262 1420 416 1461 ambire
451 1433 571 1474 quam
602 1423 842 1474 praemium.
892 1420 991 1461 vale.

735 1574 857 1617 XVI.

284 1656 512 1694 SIDONIUS
538 1656 871 1694 PAPIANILLAE
898 1656 1025 1693 SUAE
1054 1656 1302 1695 SALUTEM.

194 1732 232 1776 1.
263 1733 453 1775 Ravenna
484 1735 652 1774 veniens
686 1739 878 1787 quaestor
908 1733 1156 1788 Licinianus,
1189 1747 1281 1775 cum
1313 1736 1492 1787 primum
1512 1751 1548 1776 20

98 1797 234 1850 tetigit
263 1795 362 1849 Alpe
394 1796 634 1836 transmissa
659 1794 810 1835 Galliae
844 1794 988 1849 solum,
1020 1794 1177 1835 litteras
1204 1795 1399 1835 adventus
1427 1798 1492 1836 sui

98 1858 283 1911 praevias
308 1857 432 1910 misit,
459 1855 606 1908 quibus
632 1855 784 1896 indicat
810 1868 901 1896 esse
923 1868 965 1895 se
994 1855 1179 1908 gerulum
1200 1854 1493 1910 codicillorum,

98 1929 274 1970 quorum
305 1918 348 1957 in
381 1916 704 1957 adventu‘statri
737 1917 859 1956 etiam
890 1921 960 1956 tuo
992 1915 1180 1970 Ecdicio,
1213 1917 1331 1956 cuius
1364 1929 1491 1969 aeque

98 1977 230 2018 titulis
262 1990 308 2018 ac
339 1978 442 2017 meis
475 1976 638 2031 gaudes,
676 1977 806 2017 honor
837 1978 1033 2030 patricius
1066 1976 1233 2031 accedit,
1266 1976 1493 2031 celerrime,

98 2039 137 2078 si
167 2039 320 2091 cogites
346 2039 435 2078 eius
463 2042 646 2091 aetatem,
679 2039 712 2077 si
746 2039 903 2091 merita,
935 2037 1179 2077 tardissime.
1224 2049 1396 2089 namque
1423 2036 1491 2078 ille
1511 2051 1548 2079 25

98 2100 180 2138 iam
217 2099 378 2152 pridem
417 2098 654 2150 suffragium
692 2097 901 2151 dignitatis
939 2098 1138 2138 ineundae
1178 2110 1259 2137 non
1298 2097 1417 2138 solvit
1449 2099 1492 2138 in

99 2157 213 2200 lance
240 2159 311 2199 sed
338 2161 380 2199 in
407 2159 506 2212 acie,
539 2159 821 2211 aerariumque
848 2158 1056 2212 publicum
1086 2160 1174 2211 ipse
1201 2159 1382 2210 privatus
1408 2171 1491 2199 non

99 2221 284 2272 pecuniis
316 2219 387 2260 sed
426 2218 629 2259 manubiis
669 2218 938 2272 locupletavit.
1003 2217 1041 2259 2.
1075 2219 1149 2258 hoc
1182 2223 1319 2258 tamen
1351 2225 1489 2259 sancte

101 2335 204 2380 quod
220 2336 271 2372 M
276 2336 369 2380 PF,
396 2347 483 2372 cum
500 2335 532 2372 G
545 2337 557 2382 ΙΙ
577 2339 598 2371 2
625 2337 799 2371 nostrum
819 2336 900 2371 LT
916 2340 950 2372 et
969 2337 1079 2372 (corr.
1101 2336 1142 2371 in
1162 2334 1332 2371 vestrum
1351 2335 1426 2380 Νι)
1436 2335 1490 2381 Ν,

99 2384 269 2420 vestrum
294 2384 344 2421 M
349 2383 382 2421 0
395 2386 408 2429 ss
428 2388 451 2419 4
476 2385 514 2419 te
546 2385 627 2420 secl.
656 2384 894 2430 Duetjohamz
916 2386 928 2430 Η
948 2387 969 2420 8
998 2385 1036 2419 et
1062 2383 1243 2419 volumen
1268 2383 1340 2428 Fu
1362 2387 1407 2419 14
1432 2394 1490 2420 re-

100 2434 275 2469 muneret
303 2433 365 2480 ΤΙΙ
387 2436 431 2468 15
460 2432 509 2468 ad
535 2432 631 2478 LN,
655 2444 738 2479 eaep.
768 2433 829 2477 T1,
855 2444 922 2469 om.
952 2431 1065 2478 MCss
1086 2435 1130 2467 21
1159 2431 1294 2478 attigit
1322 2432 1381 2478 0ss
