1592 2612
411 117 643 157 SIDONIUS
668 117 825 156 LEONI
850 117 946 157 SUO
973 117 1220 156 SALUTEM.
1451 117 1511 162 99

119 223 192 265 sed
222 235 306 264 non
336 223 474 263 miuus
505 221 627 274 digna
652 233 774 274 quam
799 221 966 262 faceres.
1007 233 1182 274 namque
1208 225 1249 260 et
1274 221 1513 275 antiquitus,

119 296 213 326 cum
251 283 375 324 Gaius
410 282 624 324 Cornelius
662 281 760 322 Gaio
794 281 980 322 Secundo
1018 283 1132 335 paria
1170 282 1385 335 suasisset,
1421 282 1511 334 ipse

118 344 378 399 postmodum
409 343 515 397 quod
544 344 722 383 iniunxit
747 344 933 397 arripuit,
964 342 1087 396 idque
1114 341 1164 382 ah
1189 341 1375 395 exemplo
1401 354 1512 383 nunc

117 418 184 447 me
221 405 369 446 melius
408 403 660 458 aggrederis,
706 405 800 456 quia
842 408 882 443 et
920 415 994 456 ego
1033 402 1164 443 Plinio
1202 407 1248 443 ut
1285 402 1511 456 discipulus

119 478 289 520 assurgo
315 470 357 506 et
380 470 427 506 tu
450 469 610 506 vetusto
636 476 786 517 genere
812 463 1004 505 narrandi
1030 465 1119 504 iure
1141 463 1376 505 Cornelium
1397 469 1509 504 ante·
1547 475 1567 502 5

118 528 253 581 venis,
291 527 362 580 qui
400 524 562 567 saeculo
599 530 740 566 nostro
782 526 818 565 si
849 526 1113 565 revivisceret
1151 530 1274 577 teque
1306 523 1438 578 qualis
1468 526 1512 565 in

119 587 270 629 litteris
313 592 356 628 et
401 591 576 640 quantus
620 585 795 626 habeare
841 587 1164 639 conspicaretur,
1208 584 1329 626 modo
1373 587 1510 626 verius

119 648 284 689 Tacitus
322 653 443 688 esset.
506 645 545 688 3.
578 647 714 700 itaque
753 652 798 687 tu
835 646 984 687 molem
1021 646 1213 686 thematis
1250 647 1369 686 missi
1399 651 1511 686 recte

119 710 314 763 capessis,
346 710 414 749 cui
443 712 607 762 praeter
639 706 914 760 eloquentiam
946 706 1195 760 singularem
1222 708 1416 747 scientiae
1449 708 1511 747 in-

120 771 253 823 gentis
278 781 423 822 magna
449 770 715 822 oportunitas.
761 768 910 808 cotidie
936 780 1111 820 namque
1136 781 1212 821 per
1236 769 1512 820 potentissimi
1531 778 1567 806 ιο

119 830 288 872 consilia
326 831 436 883 regis
473 830 599 869 totius
631 828 829 869 sollicitus
862 828 973 869 orbis
1004 830 1159 882 pariter
1191 827 1317 880 [eius]
1350 830 1512 881 negotia

120 897 160 932 et
197 893 305 945 iura,
349 890 512 930 foedera
554 894 595 930 et
631 888 754 943 bella,
799 889 886 929 loca
929 890 1057 942 spatia
1101 890 1247 929 merita
1286 890 1510 942 cognoscis.

118 952 228 993 unde
260 953 353 1004 quis
378 952 526 991 iustius
554 963 643 990 sese
671 950 720 990 ad
746 951 825 990 ista
852 951 1101 990 succinxerit
1128 962 1249 1003 quam
1275 949 1356 1004 ille,
1389 962 1511 1003 quem

119 1017 278 1053 constat
310 1013 492 1066 gentium
523 1016 658 1051 motus
692 1010 939 1063 legationum
964 1012 1193 1065 varietates,
1225 1010 1328 1050 facta
1361 1010 1510 1051 ducum

118 1078 235 1127 pacta
267 1077 528 1126 regnantum,
565 1076 650 1112 tota
689 1071 864 1124 denique
896 1070 1151 1124 publicarum
1182 1084 1320 1111 rerum
1353 1076 1510 1111 secreta
1531 1082 1565 1109 15

118 1134 331 1187 didicisse,
375 1134 526 1186 quique
564 1133 788 1185 praestanti
823 1134 981 1185 positus
1025 1133 1068 1172 in
1107 1131 1283 1172 culmine
1321 1144 1403 1172 non
1440 1144 1511 1172 ne-

118 1207 233 1235 cesse
276 1193 400 1234 habet
435 1193 499 1233 vel
538 1194 793 1246 supprimere
831 1205 973 1233 verum
1010 1192 1073 1233 vel
1112 1194 1356 1233 concinnare
1396 1205 1510 1232 men-

118 1253 313 1296 dacium?
373 1254 414 1295 4.
447 1259 488 1294 at
519 1258 658 1294 nostra
695 1253 813 1306 longe
847 1253 1031 1294 condicio
1065 1254 1220 1308 dispar,
1259 1252 1407 1306 quibus
1440 1253 1511 1293 do-

118 1315 196 1356 lori
236 1316 510 1369 peregrinatio
549 1327 650 1354 nova
682 1326 758 1354 nec
796 1316 890 1354 usui
921 1314 1042 1354 lectio
1075 1320 1209 1368 vetus,
1246 1319 1334 1354 tum
1366 1313 1509 1367 religio

118 1377 364 1430 professioni
389 1382 463 1430 est,
493 1375 701 1415 humilitas
727 1376 936 1429 appetitui,
967 1375 1229 1415 mediocritas
1257 1374 1509 1429 obscuritati,
1528 1386 1564 1412 20

119 1449 195 1477 nec
232 1438 276 1477 in
307 1435 591 1490 praesentibus
630 1437 691 1475 rei
722 1441 898 1489 tantum,
937 1441 1132 1488 quantum
1164 1437 1207 1475 in
1240 1436 1389 1476 futuris
1422 1437 1511 1489 spei

119 1497 314 1551 locatum,
351 1502 557 1550 postremo
595 1496 765 1548 languor
797 1496 1087 1549 impedimento
1126 1497 1287 1549 iamque
1320 1495 1384 1536 vel
1416 1508 1509 1536 sero

119 1563 289 1611 propter
307 1557 416 1598 hunc
436 1558 569 1610 ipsum
591 1556 746 1596 desidia
767 1556 899 1611 cordi3
925 1569 1125 1609 aequaeva
1150 1561 1261 1597 certe
1284 1558 1366 1596 iam
1386 1569 1510 1610 super

122 1618 268 1659 studiis
300 1617 410 1659 nulla
435 1617 524 1657 laus
550 1629 684 1671 curae,
716 1616 786 1657 sed
813 1629 864 1657 ne
890 1622 1077 1670 postuma
1104 1616 1281 1670 quidem.
1325 1615 1367 1658 5.
1391 1630 1509 1670 prae-

119 1680 237 1733 cipue
270 1678 440 1732 gloriam
471 1677 591 1717 nobis
616 1689 780 1730 parvam
807 1677 856 1717 ah
882 1677 1052 1718 historia
1078 1682 1219 1731 petere
1245 1678 1382 1731 fixum,
1415 1679 1509 1730 quia
1528 1688 1564 1716 25

117 1752 193 1793 per
234 1739 421 1780 homines
466 1737 665 1778 clericalis
710 1737 833 1778 officii
876 1739 1091 1778 temerarie
1136 1743 1275 1778 nostra
1312 1739 1510 1778 iactanter

119 1799 261 1855 aliena,
293 1800 511 1853 praeterita
538 1799 790 1839 infructuose
815 1800 1045 1852 praesentia
1072 1798 1307 1852 semiplene,
1332 1800 1510 1852 turpiter

118 1860 218 1901 falsa
248 1860 477 1914 periculose
509 1872 604 1900 vera
636 1859 837 1900 dicuntur.
884 1864 946 1899 est
977 1861 1087 1900 enim
1113 1859 1347 1899 huiusmodi
1372 1859 1508 1899 thema

117 1921 181 1961 vel
219 1934 339 1976 opus,
380 1922 423 1961 in
462 1932 541 1973 quo
579 1919 780 1960 bonorum
813 1921 849 1960 si
886 1920 1009 1960 facias
1045 1921 1312 1974 mentionem,
1349 1919 1508 1960 modica

119 1983 247 2034 gratia
278 1987 455 2035 paratur,
488 1982 524 2020 si
556 1980 809 2035 notabilium,
840 1993 1026 2021 maxuma
1059 1981 1222 2021 offensa.
1281 1982 1339 2020 sic
1370 1993 1412 2020 se
1439 1979 1507 2020 ille
1526 1992 1563 2019 30

118 2044 306 2096 protinus
339 2042 507 2082 dictioni
539 2041 650 2082 color
682 2041 862 2095 odorque
896 2043 1083 2082 satiricus
1116 2041 1323 2082 admiscet.
1385 2040 1508 2095 ilicet,

216 2173 240 2205 4
263 2181 326 2206 me
351 2170 397 2206 N
399 2171 448 2206 M
455 2171 489 2206 T
497 2170 537 2215 G,
561 2181 629 2207 om.
655 2170 692 2206 L
713 2172 719 2216 Ι
743 2169 980 2217 aggredieris
1007 2170 1256 2207 Waammcitz
1278 2171 1283 2211 Ι
1307 2169 1396 2217 ego]
1422 2168 1506 2216 ipse

122 2219 243 2265 0111
271 2219 353 2255 eius
379 2219 517 2264 LMC,
544 2230 612 2255 om.
639 2219 685 2255 N
706 2220 858 2266 aliique,
884 2220 923 2254 et
951 2219 1013 2265 Tu
1035 2222 1079 2254 18
1106 2218 1246 2264 quibus
1271 2218 1307 2253 L
1332 2222 1367 2255 et
1393 2221 1503 2263 (corr.

117 2269 162 2304 in
186 2266 250 2303 cui
274 2267 418 2313 N¹)N,
450 2266 511 2302 cui
537 2266 664 2304 MGT
697 2270 710 2312 ΙΙ
750 2271 794 2303 19
821 2269 932 2303 vetus
965 2268 1048 2302 tum
1074 2267 1126 2312 L,
1160 2268 1314 2302 vetusta
1337 2267 1421 2302 tum
1449 2268 1506 2310 (ta

117 2326 146 2352 ε.
173 2316 196 2352 1.
223 2316 311 2352 add.
339 2315 411 2360 N1,
441 2316 524 2351 tum
555 2316 642 2352 item
668 2316 801 2362 M¹)N
803 2316 854 2352 M
859 2316 929 2352 CT
963 2318 976 2362 ΙΙ
1014 2319 1060 2351 20
1087 2316 1147 2351 est
1176 2314 1406 2361 professioni
1435 2315 1466 2352 C
1497 2333 1499 2361 q

118 2363 367 2409 professionis
388 2364 424 2400 L
442 2367 455 2408 ss
474 2369 520 2399 29
547 2363 611 2399 vel
630 2375 726 2410 opus
745 2365 827 2402 secl.
848 2364 1098 2402 Wilamowitz
1116 2365 1128 2409 fl
1148 2368 1194 2401 30
1214 2363 1359 2411 gratia]
1379 2363 1505 2411 gloria

121 2411 176 2460 01
197 2411 264 2448 ille
290 2411 696 2459 NVMTC,1111L11

1233 2476 1285 2510 7*
