1592 2612
633 117 842 156 GARMEN
867 93 916 156 vss
1377 118 1468 162 265

204 220 331 262 Iulius
362 221 430 262 hic
461 220 666 274 Augustus
698 223 786 262 erit.
850 222 1090 262 coniunctus
1123 232 1258 260 amore

204 286 415 335 praeterea
446 286 509 322 est
539 283 689 336 iuveni,
719 281 885 335 grandis
917 294 1038 335 quem
1071 283 1239 335 spiritus
1272 286 1400 321 armat

205 344 315 396 regis
346 343 420 382 avi.
484 354 564 395 quo
595 347 635 383 te
667 340 831 383 vertas?
875 342 923 382 ad
957 341 1132 383 culmina
1163 341 1304 382 mundi

205 403 273 443 hic
304 403 430 443 fatum
461 403 552 457 sert,
583 403 700 443 ambo
732 404 922 444 animum.
986 415 1185 455 consurge
1218 402 1418 455 simulque

109 472 180 506 270
206 463 425 516 aggredere
457 464 638 518 ignaros3
670 468 860 504 neutrum
892 468 1068 504 mactare
1100 462 1264 517 valebis,

207 525 243 565 si
274 523 415 565 iubeas
447 529 664 577 utrumque
695 526 817 578 mori3
851 524 922 565 sed
954 528 1071 565 necte
1104 523 1262 564 dolosas

204 583 421 625 blanditias
452 586 537 639 uni,
569 585 677 625 ferro
709 590 845 625 tamen
876 587 954 625 iste
985 589 1156 638 petatur.

207 645 304 698 quid
329 644 474 698 loquor
499 643 734 686 incassum?
765 645 868 686 nihil
894 651 967 699 est,
994 645 1101 699 quod
1126 649 1236 685 tanta
1262 657 1468 685 cavemus:

204 711 250 746 ut
280 710 435 759 regnet,
465 707 646 746 victurus
679 703 790 746 eritl’
823 711 1048 746 commotus
1079 707 1123 745 in
1154 707 1235 745 iras

107 774 179 808 275
204 766 344 807 Aetius
377 767 436 807 sic
467 779 594 820 pauca
625 767 769 807 refert:
802 764 1030 820 ‘compesce
1063 767 1236 806 furentis

206 828 332 880 impia
363 832 454 867 vota
485 828 620 867 animi.
683 832 856 868 mortem
888 827 1078 867 mandare
1110 826 1249 867 valebo

202 889 389 942 insontis,
418 892 573 928 taceam
606 885 766 928 nostri?
829 889 1094 941 quisquamne
1127 891 1331 940 precatur,

203 953 250 988 ut
282 949 370 988 sine
402 947 642 988 criminibus
675 949 831 988 crimen
862 949 931 989 fiat
961 948 1064 988 hene
1097 945 1238 988 nasci‘?

206 1007 254 1048 ad
286 1021 458 1061 poenam
491 1010 583 1061 quis
615 1009 694 1049 sata
726 1006 870 1049 vocet?
900 1013 969 1049 tua
1001 1011 1156 1049 viscera
1187 1008 1309 1061 serm,

106 1077 178 1111 280
203 1068 434 1123 Maioriane,
465 1074 612 1123 petam,
644 1069 831 1110 Phoebus
864 1071 900 1109 si
932 1075 1050 1110 nocte
1082 1068 1266 1122 refulget,

202 1128 315 1170 Luna
348 1129 425 1184 die,
458 1129 606 1182 duplex
637 1135 760 1183 ponto
793 1131 830 1170 si
860 1129 1040 1183 plaustra
1071 1134 1241 1169 novatur

203 1189 425 1244 Parrhasis,
456 1189 656 1230 Atlantem
688 1190 847 1244 Tanais,
880 1192 916 1231 si
947 1190 1126 1243 Bagrada
1159 1190 1291 1229 cernit

210 1249 430 1305 Caucason,
460 1250 653 1304 Hercynii
685 1252 863 1291 nemoris
896 1252 931 1291 si
964 1252 1101 1304 stipite
1134 1250 1268 1290 lintris

206 1315 316 1351 texta
347 1310 594 1351 Nabataeum
626 1324 700 1364 pro
732 1311 872 1352 Rheno
905 1311 1034 1352 sulcat
1064 1311 1292 1364 Hydaspen,

108 1379 178 1412 285
206 1373 243 1411 si
272 1371 376 1411 bibit
406 1371 609 1425 Hispanus
642 1371 806 1424 Gangen
838 1372 1069 1425 tepidisque
1101 1371 1150 1412 ab
1182 1370 1367 1424 Erythris

206 1431 255 1471 ad
286 1431 563 1472 Tartesiacum
594 1434 705 1472 venit
735 1432 859 1473 Indus
892 1437 1060 1485 aquator
1090 1432 1299 1484 Hiberum,

205 1493 242 1531 si
274 1504 317 1532 se
349 1491 524 1532 Pollucis
556 1492 763 1545 perfundit
795 1494 989 1545 sanguine
1023 1492 1176 1546 Castor,

203 1551 359 1592 Thesea
390 1551 573 1606 Pirithoi,
604 1552 779 1606 Pyladen
812 1555 846 1593 si
878 1555 1018 1593 stravit
1050 1552 1217 1593 Orestae

205 1612 268 1652 vel
300 1612 517 1653 furibunda
547 1625 704 1667 manus,
736 1618 897 1666 raperet
929 1626 1021 1653 cum
1053 1613 1224 1653 Taurica
1257 1627 1370 1655 sacra

108 1681 178 1714 290
204 1672 415 1713 matricida
446 1674 550 1726 pius.
614 1673 685 1714 sed
718 1686 768 1714 ne
802 1675 1002 1727 sprevisse
1037 1673 1217 1714 dolorem

204 1733 308 1774 forte
340 1737 455 1774 tuum
487 1734 636 1787 videar,
667 1735 772 1774 vivat
803 1739 1016 1787 careatque
1050 1746 1267 1787 parumper

203 1793 357 1834 militia.
421 1794 502 1834 heu
533 1796 665 1847 potuit
695 1794 825 1849 nobis,
858 1796 937 1835 nisi
969 1796 1086 1835 triste
1118 1799 1316 1849 putasses,

204 1855 407 1895 fortunam
439 1854 586 1894 debere
621 1852 762 1895 suam.'
827 1856 885 1895 sic
918 1855 1023 1895 satur
1055 1860 1096 1895 et
1127 1854 1241 1895 illum

202 1927 298 1955 rure
330 1914 443 1955 iubet
474 1916 604 1967 patrio
638 1920 774 1956 suetos
806 1920 963 1956 mutare
995 1915 1166 1969 labores,

107 1983 177 2016 295
205 1975 379 2015 satorum
412 1980 601 2015 currente
634 1981 733 2030 rota,
767 1989 846 2028 quo
879 1976 1066 2029 disceret,
1099 1977 1185 2028 agri

207 2035 304 2088 quid
336 2047 613 2088 possessorem
646 2041 816 2091 maneat,
849 2048 951 2089 quos
984 2036 1157 2089 denique
1191 2047 1324 2075 mores

202 2097 266 2136 ius
299 2095 415 2136 civile
448 2101 574 2150 paret,
606 2109 657 2136 ne
690 2096 815 2137 solam
848 2096 988 2136 militis
1022 2102 1147 2136 artem

204 2156 328 2196 ferret
360 2156 408 2196 ad
441 2157 668 2209 imperium.
733 2157 1000 2210 suspenderat
1032 2156 1142 2196 ilicet
1174 2168 1282 2195 arma

177 2311 260 2344 284.
288 2311 359 2344 285
386 2320 453 2345 om.
482 2308 516 2344 Τ
533 2310 545 2355 ΙΙ
571 2311 641 2344 285
667 2319 833 2355 gangem
853 2309 1008 2355 PTFn
1028 2311 1098 2344 288
1124 2307 1315 2354 pirithous
1337 2308 1466 2354 0TF,

77 2355 277 2453 pgdrghueus
304 2357 370 2402 Pu
390 2361 458 2393 292
486 2367 554 2393 om
579 2357 611 2394 O
630 2359 643 2403 ss
668 2361 739 2394 295
766 2368 843 2403 qua
869 2357 919 2394 M
936 2362 941 2404 l
966 2356 1049 2403 agri
1076 2357 1336 2403 Luetjohann,
1371 2368 1465 2403 agro
