1592 2612
364 99 597 138 SIDONIUS
622 99 837 138 SYAGRIO
863 100 959 138 SUO
986 100 1230 138 SALUTEM.
1411 100 1501 145 183

105 201 184 243 hoc
228 206 422 244 constans
465 214 631 256 operam
669 208 851 257 exercet,
882 208 928 244 ut
958 202 1181 244 maioribus
1213 203 1300 243 suis
1332 208 1500 256 antepo-
1523 255 1530 261 ⁶

106 266 241 304 natur.
301 260 344 305 4.
387 262 499 316 quod
530 268 740 318 superest,
771 263 894 305 deum
925 276 1069 318 posco,
1099 268 1146 304 ut
1176 268 1217 304 te
1250 263 1324 304 filii
1356 276 1499 305 conse-

104 328 286 376 quantur
314 327 397 378 ant,
427 323 536 377 quod
566 323 659 377 plus
691 323 810 365 decet
848 323 962 379 velle,
994 324 1302 378 transcendant,
1334 329 1376 365 et
1408 326 1498 378 qui-

104 395 282 437 cumque
342 396 426 425 non
482 386 658 425 sustinet
713 384 884 438 diligere
946 390 1201 439 provectum,
1262 384 1499 426 medullitus

104 448 339 486 aestutiantes
370 457 394 486 a
424 450 554 486 semet
583 447 674 499 ipso
701 444 841 486 livoris
865 447 1024 499 proprii
1055 458 1218 499 semper
1243 447 1377 499 exigat
1401 458 1498 499 poe·
1537 458 1556 485 5

105 517 192 560 nas,
223 517 399 558 cumque
430 505 563 546 nullas
594 507 639 546 in
669 511 709 546 te
741 505 931 547 habuerit
962 518 1158 559 umquam
1189 506 1497 547 misericordiae

102 577 262 621 causas,
285 565 431 607 habeat
462 566 657 621 invidiae3
690 567 893 620 siquidem
924 568 1031 608 iuste
1064 566 1140 607 sub
1173 568 1281 608 iusto
1311 568 1497 621 principe

106 627 230 681 iacet,
261 627 350 681 qui,
388 639 463 680 per
495 640 539 668 se
571 628 765 668 minimus
797 632 839 668 et
869 632 1027 668 tantum
1059 640 1133 681 per
1165 640 1238 668 sua
1268 640 1496 682 maxumus,

102 688 240 727 animo
273 688 443 740 exiguus
474 689 573 728 vivit
604 693 644 728 et
675 689 922 741 patrimonio
955 688 1167 741 plurimus.
1212 688 1310 729 vale.

737 853 860 897 VIII.

366 935 598 974 SIDONIUS
624 936 839 973 SYAGRIO
866 936 961 974 SUO
988 937 1235 980 SALUTEM.
1516 949 1554 974 10

198 1012 236 1055 1.
287 1013 378 1069 Dic,
410 1013 636 1054 Gallicanae
678 1014 753 1054 flos
794 1015 1034 1068 iuventutis,
1078 1027 1291 1068 quousque
1331 1014 1498 1055 tandem

100 1074 300 1116 ruralium
349 1087 519 1128 operum
569 1076 806 1127 negotiosus
854 1075 1009 1115 urbana
1059 1073 1249 1115 fastidis?
1300 1075 1495 1128 quamdiu

99 1137 260 1177 attritas
297 1140 546 1176 tesserarum
591 1135 794 1188 quondam
843 1135 1017 1176 iactibus
1055 1148 1200 1176 manus
1246 1141 1387 1176 contra
1432 1137 1497 1176 ius

101 1196 244 1249 fasque
277 1195 357 1237 sibi
387 1195 593 1236 vindicant
631 1197 902 1236 instrumenta
934 1193 1126 1236 cerialia?
1183 1209 1395 1250 quousque
1427 1201 1497 1236 tua

100 1261 142 1298 te
173 1257 427 1297 Taionnacus
452 1257 647 1309 patriciae
680 1258 822 1310 stirpis
853 1255 1021 1297 lassabit
1059 1255 1308 1309 agricolam?
1341 1269 1494 1310 quous·
1516 1270 1551 1296 15

100 1329 182 1370 que
231 1318 338 1371 prati
382 1318 580 1357 comantis
625 1318 789 1357 exuvias
835 1317 1018 1357 hibernis
1063 1317 1275 1358 novalibus
1321 1329 1405 1358 non
1449 1322 1496 1357 ut

100 1390 229 1430 eques
280 1377 351 1418 sed
406 1382 452 1417 ut
503 1376 703 1418 bubulcus
761 1375 1007 1418 abscondis?
1064 1390 1275 1431 quousque
1332 1377 1495 1431 pondus

101 1436 251 1490 ligonis
283 1437 418 1478 obtusi
449 1449 525 1477 nec
556 1437 753 1490 perfossis
785 1437 948 1478 antibus
980 1436 1129 1491 ponis?
1180 1437 1219 1479 2.
1267 1438 1366 1492 quid
1400 1438 1496 1479 Ser-

99 1510 292 1538 ranorum
324 1496 507 1538 aemulus
539 1502 579 1537 et
611 1497 873 1538 Camillorum
905 1510 998 1538 cum
1030 1510 1148 1551 regas
1181 1500 1338 1553 stivam,
1371 1499 1492 1539 dissi-

98 1558 229 1599 mulas
262 1563 401 1611 optare
433 1555 678 1611 palmatam?
715 1570 836 1611 parce
869 1563 1026 1598 tantum
1057 1559 1100 1598 in
1133 1558 1357 1599 nobilitatis
1390 1561 1493 1599 invi·
1513 1571 1549 1597 20

95 1619 207 1659 diam
238 1619 439 1659 rusticari.
483 1630 624 1671 agrum
664 1619 699 1658 si
737 1618 999 1659 mediocriter
1038 1618 1166 1673 colas,
1203 1620 1412 1674 possides;
1459 1621 1495 1659 si

97 1681 281 1733 nimium,
312 1678 547 1733 possideris.
589 1678 713 1719 redde
740 1684 780 1719 te
807 1681 925 1733 patri,
952 1679 1076 1719 redde
1102 1684 1143 1719 te
1169 1681 1342 1734 patriae,
1368 1679 1495 1720 redde

98 1745 137 1780 te
170 1742 293 1781 etiam
320 1738 507 1780 fidelihus
534 1740 687 1793 amicis,
714 1741 785 1792 qui
817 1741 906 1780 iure
932 1744 1142 1792 ponuntur
1169 1741 1279 1780 inter
1312 1740 1494 1781 affectus.

96 1805 168 1841 aut
205 1802 240 1841 si
283 1806 323 1841 te
361 1805 519 1840 tantum
559 1799 787 1840 Cincinnati
832 1800 1042 1840 dictatoris
1075 1802 1155 1840 vita
1190 1799 1384 1854 delectat,
1416 1800 1496 1841 duc

96 1866 191 1902 ante
235 1860 449 1913 Raciliam,
506 1872 608 1913 quae
658 1860 783 1900 boves
828 1862 978 1913 iungat.
1043 1859 1082 1902 3.
1141 1873 1274 1914 neque
1321 1861 1497 1901 dixerim
1515 1872 1553 1899 25

97 1923 274 1975 sapienti
305 1923 391 1961 viro
426 1933 512 1960 rem
545 1920 808 1961 domesticam
842 1934 923 1961 non
956 1933 1046 1961 esse
1081 1921 1315 1975 curandam,
1349 1921 1421 1961 sed
1449 1934 1497 1962 eo

196 2054 217 2086 3
245 2049 351 2095 quod
378 2049 425 2085 N
429 2049 479 2084 M
483 2049 562 2094 GT,
595 2049 700 2095 quod
726 2051 765 2085 te
794 2049 830 2085 L
870 2049 875 2098 Ι
910 2049 997 2096 plus
1018 2061 1077 2085 ποι*
1098 2049 1209 2085 decet
1236 2053 1279 2095 (2
1306 2050 1377 2086 litt.
1404 2061 1498 2089 eras,

101 2097 245 2143 N²)N‚
275 2098 389 2134 decet
414 2097 502 2143 plus
529 2098 564 2134 T
591 2100 605 2142 fl
635 2101 660 2133 4
685 2097 853 2134 sustinet
879 2098 932 2141 L,
966 2097 1134 2134 sustinet
1158 2099 1197 2134 te
1223 2098 1277 2144 (te
1302 2109 1331 2134 ε.
1359 2098 1382 2134 l.
1409 2099 1498 2134 add.

101 2146 334 2191 N'1)NMG',
369 2145 562 2182 sustinent
587 2147 626 2182 te
654 2146 690 2182 T
716 2147 730 2193 Π
760 2150 808 2182 20
834 2146 996 2182 tandem
1024 2146 1057 2183 0
1082 2149 1096 2191 11
1129 2149 1175 2182 23
1201 2148 1240 2182 te
1266 2150 1354 2182 ante
1379 2145 1500 2182 etiam

98 2206 170 2231 om.
197 2194 234 2230 L
268 2196 283 2241 ῃ
320 2200 367 2230 24
392 2196 431 2230 te
457 2196 610 2230 tantum
635 2194 790 2240 LNM,
823 2196 978 2231 tantum
1003 2196 1043 2230 te
1071 2195 1116 2240 G,
1149 2195 1303 2230 tantum
1328 2196 1412 2240 (om.
1439 2197 1496 2240 te)

97 2254 129 2279 s.
156 2243 180 2279 l.
207 2244 295 2280 add.
317 2243 368 2279 Τι
414 2244 419 2286 Ι
467 2242 652 2279 ducanter
678 2242 832 2278 aciliam
858 2243 911 2289 L,
946 2242 1291 2279 ducanteracih'am
1314 2246 1425 2287 (corr.
1455 2245 1500 2280 in

100 2291 249 2327 ducunt
280 2290 453 2327 ereiliam
479 2291 553 2334 Νι)
565 2291 623 2337 N,
656 2290 1028 2328 duc***erci1iam
1059 2293 1099 2334 (3
1134 2291 1204 2328 litt.
1233 2302 1325 2328 eras.
1347 2291 1428 2337 ΜΞ)
1439 2292 1499 2336 Μ,

99 2338 471 2424 (Ξιὶξιαέίῑᾶὶῐιῗοῶαω
500 2339 542 2385 T,
570 2339 643 2375 duc
669 2339 844 2376 erciliam
870 2340 902 2377 G
916 2342 929 2386 ss
949 2343 994 2376 25
1021 2339 1186 2386 iungant
1213 2342 1323 2387 (post.
1350 2352 1376 2376 n
1401 2352 1496 2377 eras.
