1592 2612
143 94 232 138 340
642 95 850 133 CARMEN
878 96 1014 134 xxm.

359 196 537 237 diversas
567 197 687 238 Arato
719 199 803 238 vias
835 199 1036 253 cucurrit3

360 269 440 297 non
472 258 597 312 hunc,
629 271 721 298 cum
753 261 1019 311 geometricas
1051 258 1100 299 ad
1134 264 1242 301 artes

266 325 334 358 115
360 322 537 358 mentem
570 321 818 373 composuit,
850 321 966 372 sequi
997 319 1154 360 valebat

357 377 545 418 Euclides
578 381 751 432 spatium
784 381 916 420 sciens
949 380 1126 435 Olympi3

358 449 438 478 non
469 438 594 493 hunc,
628 441 663 479 si
693 440 819 480 voluit
850 445 983 481 rotare
1015 440 1243 496 rhythmos,

357 500 571 551 quicquam
602 502 809 552 proposito
841 503 973 542 virum
1006 503 1157 542 morari

356 558 604 612 Chrysippus
636 562 834 613 potuisset
866 574 914 602 ex
947 574 1101 602 acervo.

266 627 334 659 120
359 619 425 659 hic
457 632 548 660 cum
581 621 843 674 Amphioniae
877 622 1066 663 studebat
1097 624 1176 663 arti

355 679 528 734 plectro,
560 681 724 735 pollice,
755 695 852 722 voce
885 683 1083 738 tibiaque,

356 739 487 780 Thrax
519 746 648 796 vates,
681 743 781 783 deus
812 743 936 784 Arcas
968 750 1088 798 atque
1119 743 1307 785 Phoebus

356 802 465 840 omni
497 804 674 842 carmine
706 809 799 856 post
830 809 945 844 erant
976 809 1016 845 et
1047 806 1156 858 ipsas

355 860 488 901 Musas
520 875 601 903 non
634 864 689 903 ita
721 865 898 904 musicas
929 870 1107 918 putares.

262 928 329 961 125
356 921 422 961 hic
455 923 491 961 si
524 929 696 975 syrmate
730 924 861 965 cultus
895 930 935 966 et
968 926 1166 967 cothurno

355 983 548 1023 intrasset
579 985 704 1025 semel
736 986 914 1026 Atticum
946 986 1167 1042 theatrum,

356 1044 576 1084 cessissent
608 1044 826 1098 Sophocles
860 1052 900 1087 et
931 1046 1166 1102 Euripides3

355 1107 423 1142 aut
454 1105 490 1143 si
521 1104 674 1158 pulpita
705 1119 925 1159 personare
958 1120 1075 1148 socco

354 1164 570 1205 comoedus
602 1166 811 1221 voluisset,
843 1168 938 1208 huic
969 1168 1098 1208 levato

263 1230 331 1263 130
357 1223 529 1276 palmam
560 1230 605 1266 tu
638 1227 764 1280 digito
797 1228 933 1283 dares,
964 1228 1194 1269 Menander.

352 1283 418 1323 hic
450 1297 541 1324 cum
573 1288 806 1340 senipedem
840 1288 977 1329 stilum
1009 1289 1161 1342 polibat

353 1343 594 1397 Zmyrnaeae
627 1354 718 1388 cute
751 1349 894 1389 doctus
926 1349 1110 1390 officinae

352 1409 420 1444 aut
452 1418 544 1446 cum
577 1420 619 1448 se
652 1408 844 1450 historiae
878 1409 996 1451 dabat
1029 1423 1214 1465 severae,

352 1466 505 1516 primos
538 1469 602 1507 vix
635 1474 823 1521 poterant
853 1469 965 1511 locos
997 1473 1105 1511 tueri

260 1532 326 1564 135
354 1530 513 1566 torrens
545 1527 792 1584 Herodotus,
823 1535 969 1571 tonans
1000 1531 1213 1572 Homerus.

352 1597 433 1625 non
465 1588 542 1627 isto
574 1591 708 1640 potior
739 1591 904 1646 fuisset⁷
938 1591 1034 1632 olim

353 1647 422 1697 qui
454 1646 714 1689 Pandioniam
746 1651 932 1692 movebat
964 1658 1048 1692 arte

352 1712 486 1746 orator
518 1721 678 1750 caveam
710 1712 1005 1766 tumultuosus,

353 1777 424 1806 seu
456 1767 612 1809 luscum
645 1778 857 1823 raperetur
888 1775 931 1813 in
963 1773 1213 1828 Philippum,

256 1832 324 1865 140
352 1838 512 1867 causam
545 1842 617 1870 seu
650 1831 925 1884 Ctesiphontis
959 1835 1162 1888 actitaret,

350 1887 411 1925 vir
443 1901 603 1941 semper
633 1892 900 1944 popularitate
935 1907 1124 1935 crescens

353 1951 393 1985 et
426 1949 529 1988 iuste
562 1951 746 1992 residens
779 1954 821 1992 in
855 1967 946 1994 arce
980 1955 1107 2009 fandi,

352 2008 421 2058 qui
453 2008 565 2049 fabro
598 2013 779 2063 genitore
812 2020 1048 2066 procreatus

351 2068 434 2106 oris
466 2069 606 2110 maluit
638 2072 816 2124 expolire
850 2073 996 2115 limam.

258 2133 324 2165 145
354 2128 449 2178 quid
483 2142 552 2169 vos
585 2131 735 2184 eloquii
767 2146 905 2174 canam
939 2135 1088 2189 Latini,

203 2323 210 2330 ·
231 2281 297 2313 117
326 2277 510 2316 arithmos
538 2282 786 2320 Wilamowz‘tz
805 2287 817 2330 ΙΙ
840 2289 906 2322 128
934 2287 1018 2335 aut]
1047 2298 1091 2323 ac
1113 2287 1184 2332 ΕΠ
1204 2291 1273 2324 132
1300 2288 1404 2336 cute]
1427 2287 1512 2324 viee

134 2324 173 2368 0,
200 2325 338 2360 monde
361 2327 418 2370 F‚·
446 2330 493 2373 cf.
509 2329 610 2366 Pers.
631 2332 713 2377 III,
735 2334 784 2369 30
808 2333 851 2368 in
870 2335 957 2370 cute
976 2336 1068 2371 novi
1086 2338 1099 2382 ΙΙ
1120 2339 1188 2372 135
1214 2337 1364 2372 torrens
1382 2337 1514 2384 vulfi,-

131 2373 278 2409 terrens
305 2375 431 2421 codd.,·
456 2378 502 2422 cf.
523 2379 651 2415 Iuven.
675 2381 743 2416 XI
755 2381 826 2427 (X)
850 2385 987 2430 127sq.
1013 2386 1025 2430 ΙΙ
1052 2388 1120 2421 140
1148 2383 1333 2422 accitaret
1359 2383 1480 2422 OPF
1499 2385 1512 2434 Η
