1592 2612
156 129 243 172 288

183 358 252 392 375

183 659 253 692 380

184 959 253 992 385

183 1261 252 1293 390

183 1562 252 1595 395

182 1862 252 1896 400

182 2162 252 2195 405

158 2308 229 2340 390

157 2354 205 2398 cf.
226 2365 255 2390 c.

686 124 893 162 CARMEN
916 123 997 161 VII.

279 228 494 282 sternebat,
524 227 802 280 Rhenumque,
833 226 945 266 ferox
977 224 1208 279 Alamanne,
1237 222 1406 264 bibebas

278 289 446 329 Romani
478 289 577 340 ripis
610 292 651 327 et
680 292 854 339 utroque
887 285 1087 339 superbus
1119 286 1162 325 in
1193 296 1288 338 agro

279 349 341 389 vel
374 350 471 389 civis
502 348 564 388 vel
595 349 722 388 victor
754 359 855 387 eras.
919 346 990 386 sed
1021 345 1178 399 perdita
1209 357 1382 385 cernens

278 415 477 450 terrarum
509 409 636 461 spatia
667 409 857 461 princeps
889 408 969 447 iam
1000 406 1210 460 Maximus,
1241 417 1369 446 unum

279 469 385 522 quod
405 469 479 509 fuit
498 470 540 508 in
566 468 701 522 rebus,
726 468 987 521 peditumque
1009 468 1274 520 equitumque
1293 466 1533 519 magistrum

277 536 317 570 te
350 529 438 583 sibi,
470 529 594 583 Avite,
626 528 734 581 legit.
799 527 933 568 collati
965 540 1104 568 rumor
1134 527 1302 567 honoris

277 591 430 630 invenit
461 588 687 643 agricolam,
718 589 813 629 flexi
845 588 939 628 dum
973 588 1076 629 forte
1108 587 1255 641 ligonis

280 654 440 690 exercet
472 650 612 690 dentes
643 649 706 689 vel
738 649 869 702 pando
901 661 1054 702 pronus
1086 653 1218 689 aratro

277 712 397 750 vertit
428 711 677 750 inexcoctam
709 722 782 763 per
813 711 978 763 pinguia
1009 710 1148 763 iugera
1180 707 1372 761 glaebam.

279 772 338 810 sic
369 770 568 823 quondam
601 770 650 810 ad
681 772 834 823 patriae
867 782 934 810 res
967 770 1113 810 fractas
1144 781 1298 823 pauper
1329 771 1474 822 arator,

279 829 524 885 Cincinnate,
555 832 680 885 venis,
711 835 890 871 veterem
923 843 1014 871 cum
1045 835 1085 871 te
1118 830 1250 870 induit
1280 841 1384 870 uxor

278 896 368 931 ante
399 891 521 931 boves
553 890 733 931 trabeam
766 891 1084 944 dictatoremque
1117 890 1292 943 salignae

280 964 473 1004 excepere
506 952 612 992 fores
646 958 764 1005 atque
797 951 846 992 ad
879 964 952 992 sua
982 956 1087 992 tecta
1118 951 1329 1003 ferentem,

281 1011 386 1064 quod
418 1024 498 1052 non
530 1014 717 1067 persevit,
749 1014 940 1065 turpique
973 1025 994 1052 e
1027 1012 1135 1052 fasce
1168 1015 1328 1064 gravata

278 1071 355 1112 vile
387 1072 641 1125 triumphalis
674 1074 848 1125 portavit
879 1085 1059 1126 purpura
1091 1084 1241 1112 semen.

338 1132 389 1172 Ut
420 1134 596 1185 primum
627 1135 775 1186 ingesti
806 1133 965 1186 pondus
998 1134 1178 1186 suscepit
1208 1132 1388 1185 honoris,

278 1192 398 1246 legas,
431 1194 500 1245 qui
531 1195 688 1233 veniam
719 1198 900 1247 poscant,
930 1193 1161 1247 Alamanne,
1193 1193 1335 1246 furori,

281 1252 448 1292 Saxonis
481 1255 668 1293 incursus
701 1259 845 1309 cessat,
878 1254 1144 1307 Chattumque
1175 1253 1348 1306 palustri

279 1312 412 1365 alligat
442 1313 552 1353 Albis
584 1327 702 1368 aqua,
735 1316 880 1368 vixque
912 1314 988 1355 hoc
1019 1319 1083 1355 ter
1114 1318 1321 1354 menstrua
1353 1316 1484 1353 totum

279 1373 372 1413 luna
403 1373 522 1428 videt,
554 1375 712 1427 iamque
746 1375 795 1415 ad
826 1375 997 1428 populos
1029 1387 1075 1415 ac
1107 1387 1201 1415 rura
1234 1374 1361 1414 feroci

278 1438 388 1473 tenta
420 1433 541 1474 Getae
573 1435 776 1487 pertendit
807 1437 897 1490 iter,
930 1448 1006 1488 qua
1038 1435 1180 1488 pulsus
1212 1434 1261 1475 ab
1293 1438 1407 1474 aestu

279 1493 462 1534 Oceanus
495 1495 666 1535 refluum
699 1497 852 1549 spargit
882 1508 956 1549 per
989 1495 1094 1536 culta
1126 1495 1374 1549 Garunnam,

279 1555 321 1593 in
353 1554 502 1594 flumen
535 1561 722 1596 currente
755 1557 857 1596 mari
888 1556 1138 1597 transcendit
1169 1567 1329 1596 amarus

278 1613 421 1654 blanda
453 1615 601 1655 fluenta
634 1616 751 1670 latex,
783 1616 975 1670 fluviique
1007 1618 1181 1670 impacta
1211 1628 1285 1669 per
1316 1614 1474 1656 alveum

279 1674 381 1715 salsa
413 1677 672 1728 peregrinum
705 1676 784 1716 sibi
815 1678 972 1730 navigat
1003 1677 1110 1718 unda
1141 1675 1398 1730 profundum.

277 1734 343 1775 hic
375 1737 454 1774 iam
487 1736 681 1788 disposito
714 1736 894 1777 laxantes
926 1738 1040 1778 frena
1072 1737 1204 1778 duello

277 1795 471 1835 Vesorum
502 1808 692 1848 proceres
724 1799 871 1850 raptim
903 1798 1114 1851 suspendit
1145 1797 1194 1838 ab
1226 1798 1286 1837 ira

279 1868 428 1908 rumor,
461 1858 663 1897 succincto
697 1858 878 1898 referens
910 1858 1126 1911 diplomate
1158 1858 1317 1898 Avitum

278 1916 357 1954 iam
390 1915 547 1956 Geticas
580 1918 730 1957 intrare
764 1918 904 1958 domos
936 1920 1146 1971 positaque
1178 1929 1397 1971 parumper

277 1975 381 2015 mole
414 1978 634 2028 magisterii
666 1977 784 2030 legati
817 1980 905 2018 iura
938 1978 1109 2019 subisse.

279 2034 521 2088 obstupuere
555 2037 677 2077 duces
709 2040 862 2091 pariter
894 2038 1185 2092 Scythicusque
1219 2042 1382 2078 senatus

280 2100 318 2134 et
349 2097 532 2150 timuere,
566 2109 677 2137 suam
709 2111 847 2150 pacem
880 2111 930 2139 ne
963 2099 1066 2139 forte
1099 2103 1275 2152 negaret.

280 2157 337 2195 sic
370 2156 515 2196 rutilus
546 2157 763 2198 Phaetonta
796 2158 924 2198 levem
957 2172 1047 2200 cum
1081 2163 1265 2212 carperet
1296 2159 1382 2198 axis

255 2262 326 2294 374
358 2258 539 2295 Romanis
572 2262 659 2308 vuly
662 2272 681 2297 ο
718 2264 730 2308 Η
768 2266 837 2298 386
870 2263 1093 2309 permiscuit
1125 2263 1191 2309 M,
1230 2260 1423 2308 persennia
1448 2260 1489 2296 F
1524 2259 1537 2308 ΙΙ

255 2308 405 2341 cessant
432 2307 472 2342 F
491 2310 503 2352 ss
528 2313 594 2344 391
625 2321 692 2346 om.
715 2310 777 2356 F!
799 2309 863 2345 vix
896 2312 1144 2348 Wilamowitz
1171 2313 1183 2356 ss
1210 2314 1280 2346 401
1309 2310 1443 2346 domus
1469 2308 1537 2354 M,

274 2354 334 2399 II,
352 2358 426 2391 450
445 2358 456 2401 ΙΙ
476 2359 545 2391 405
571 2357 719 2393 letonta.
738 2357 861 2394 levem
881 2359 936 2406 M
963 2360 1130 2406 phoeton
1151 2359 1302 2395 aleuum
1325 2357 1362 2405 G,
1389 2357 1535 2404 pheton

156 2401 284 2455 leuum
313 2403 354 2449 Τ,
381 2402 487 2439 feton
512 2404 638 2440 levum
665 2405 732 2451 Fu
