1592 2612
894 33 919 48 ἣν,

166 148 323 186 XXVIII
704 144 992 181 PRAEFATIO.

162 249 228 303 ΙΙΙ,
253 247 295 302 4,
322 249 345 290 1
382 248 516 300 defert
548 250 707 288 litteras
738 259 870 293 meas;
902 246 944 300 V,
974 244 1041 299 15,
1070 243 1092 285 1
1127 246 1277 285 librum
1310 245 1442 295 igitur
1466 244 1537 284 hie

170 313 258 361 ipse
298 311 512 360 deporta&
557 307 609 348 ib.
650 307 786 358 defert
822 309 1018 347 volumen.
1081 305 1349 352 Quamobrem
1382 308 1539 344 servato

169 370 299 410 dativo
333 367 404 409 eui
434 381 506 422 pro
540 366 685 409 detulit
717 368 864 420 scripsi
896 369 1039 415 detuli,
1080 365 1185 419 quod
1223 365 1330 406 idem
1369 377 1460 405 esse
1492 376 1538 405 ac

168 432 266 470 dedi
289 429 350 469 vel
377 427 469 469 misi
488 440 628 469 rursus
649 428 728 468 duo
749 427 827 467 loci
841 426 1136 479 Symmachiani
1156 426 1322 467 docent:
1341 438 1380 479 p.
1395 423 1465 479 25,
1481 422 1537 466 18

168 492 278 540 quod
311 492 411 530 mihi
441 495 480 529 et
505 491 623 540 patri
652 500 760 529 unas
787 493 910 538 atque
941 500 1012 528 eas
1038 489 1184 538 oppido
1211 488 1354 528 breves
1379 489 1541 527 litteras

172 552 354 591 detulisti
384 554 423 589 et
453 561 490 601 p.
517 547 618 602 221,
650 546 678 589 5
710 551 748 589 si
777 550 879 588 mihi
907 551 1035 588 solam
1068 550 1283 599 epistulam
1315 549 1540 588 detulisses.

167 610 252 650 Hoc
285 611 407 662 igitur
439 609 628 649 Sidonius
661 609 795 649 dicere
829 607 931 648 vult:
971 605 1078 648 ‘cum
1117 609 1172 662 ei,
1211 620 1311 661 quae
1350 609 1541 660 iusseras,

165 671 240 710 hoc
273 672 360 722 ipso
392 675 571 722 tempore
603 669 824 709 transferre
858 664 903 724 (i.
936 681 969 708 e.
1002 664 1293 723 transcribere)
1333 680 1414 708 non
1445 679 1538 720 pos—

167 743 251 770 sem
284 753 339 757 -—
372 742 445 782 pro
488 734 597 769 tanta
642 730 750 769 enim
794 730 999 781 provincia
1044 741 1151 769 nunc
1190 728 1351 781 quidem
1394 740 1537 781 parum

165 789 350 830 vacabam
383 813 439 818 —-
471 790 537 829 hic
570 784 615 844 (i.
649 802 682 829 e.
714 788 788 829 hac
821 784 1012 843 epistula)
1044 788 1156 829 vobis
1188 790 1353 829 interim
1385 788 1538 841 aliquid

166 849 395 890 munusculi
426 851 511 889 vice
544 846 665 889 misi?
727 849 783 889 De
819 852 1040 900 provincia
1074 849 1122 889 cf.
1156 861 1216 902 ep.
1244 849 1286 903 V,
1314 848 1353 903 7,
1382 847 1405 889 1
1441 861 1543 900 quos

165 913 269 951 haee
297 913 569 961 peculiariter
590 912 809 960 provincia
841 914 995 960 manet,
1029 909 1099 950 ubi
1131 909 1205 950 hac
1236 922 1333 950 voce
1364 921 1447 950 non
1479 911 1543 950 in-

166 969 324 1010 tellecta
355 969 542 1010 librarius
576 969 725 1010 codicis
758 969 789 1009 T
828 982 876 1009 ex
915 976 1053 1010 manet
1093 971 1345 1023 ineptissime
1384 975 1544 1011 maeret

166 1030 282 1083 fecit3
315 1029 449 1070 Claud.
481 1030 595 1070 Mam.
622 1043 659 1082 p.
688 1028 786 1084 184,
817 1029 869 1071 18
892 1033 1126 1081 plusculum
1157 1033 1409 1082 respondere
1440 1028 1543 1071 mihi

163 1093 380 1142 provincia
418 1090 521 1140 fuit‚·
567 1088 670 1143 188,
708 1088 763 1130 15
804 1103 895 1131 eum
936 1095 1115 1140 utraque
1156 1093 1322 1141 ayilare
1363 1093 1465 1132 mihi
1500 1104 1542 1142 p.

164 1150 305 1200 fuerit.
327 1173 382 1177 -
403 1150 446 1204 V,
466 1149 506 1204 2,
528 1148 551 1190 1
586 1149 919 1202 Engelbrechtius
947 1147 1218 1191 ‘Untersuchf
1238 1164 1275 1204 p.
1297 1150 1353 1192 27
1375 1157 1543 1204 propter

168 1209 287 1250 verba
314 1216 354 1250 et
379 1211 652 1250 antecedentia
673 1216 712 1250 et
732 1212 942 1263 sequentia
962 1210 1049 1251 coll.
1071 1210 1206 1256 Claud,
1228 1211 1342 1252 Mam.
1366 1225 1403 1265 p.
1425 1210 1495 1266 81,
1517 1210 1541 1252 7

168 1269 279 1309 malit
311 1273 578 1321 astroloyiea‚
621 1271 791 1311 fortasse
823 1276 954 1325 recte,
993 1271 1098 1323 quod
1131 1276 1266 1312 tamen
1297 1273 1395 1313 haec
1427 1285 1542 1313 voca-

166 1329 260 1369 bula
291 1329 459 1382 pluralia
491 1333 625 1371 neutri
657 1333 816 1383 generis
850 1344 938 1371 esse
972 1336 1102 1385 putat,
1134 1345 1216 1372 non
1248 1334 1286 1373 ei
1318 1335 1545 1387 assentior3

171 1389 348 1442 singulae
381 1392 487 1430 enim
520 1396 626 1431 artes
659 1386 728 1446 (de
756 1394 944 1432 oratoria
968 1392 1014 1431 cf.
1037 1405 1097 1445 ep.
1124 1392 1171 1446 II,
1200 1392 1268 1447 10,
1295 1389 1342 1450 6)
1371 1393 1542 1447 singulis

169 1449 294 1489 Musis
327 1451 582 1503 respondent.
605 1475 660 1479 ——
681 1451 723 1505 V,
750 1450 790 1505 3,
809 1450 838 1492 4
864 1451 1035 1492 Geisleri
1061 1454 1335 1494 coniecturam
1362 1457 1421 1495 ita
1448 1456 1544 1495 aeri

170 1510 473 1562 praeferendam
511 1523 599 1552 esse
642 1512 754 1566 duxi3
794 1515 853 1552 ita
890 1517 982 1565 post
1019 1515 1124 1553 illud
1152 1526 1226 1566 per
1258 1514 1547 1556 abundantiam

171 1570 369 1621 quandam
402 1571 579 1611 additum
612 1577 688 1626 est3
728 1573 776 1612 cf.
809 1572 942 1612 Ruric.
975 1585 1013 1625 p.
1041 1571 1148 1627 420,
1176 1573 1234 1615 25
1265 1578 1378 1627 quod
1407 1581 1446 1616 et
1478 1587 1548 1616 vos

171 1633 230 1670 ita
275 1633 449 1671 eredere
492 1635 664 1681 confido.
712 1655 767 1660 ——
813 1633 855 1686 V,
882 1630 922 1686 5,
949 1631 976 1673 2
1008 1633 1129 1673 verbo
1174 1636 1340 1676 harilao
1382 1647 1546 1676 crucem

170 1691 390 1742 praefigere
434 1691 561 1745 nolui,
606 1695 697 1745 quia
737 1706 817 1733 non
858 1699 936 1733 tam
970 1699 1205 1747 corruptum
1237 1695 1395 1736 videtur
1427 1708 1548 1748 quam

172 1749 301 1790 adhuc
333 1763 413 1790 non
445 1751 698 1804 explanatum
725 1759 796 1794 est.
843 1753 1031 1793 Ceterum
1059 1754 1218 1808 dubito,
1250 1760 1406 1810 utrum,
1439 1756 1547 1809 quod

170 1809 416 1851 Mommseno
454 1811 601 1867 placet,
646 1813 840 1854 falconem
878 1813 1056 1853 nondum
1098 1814 1295 1855 domitum
1333 1821 1373 1856 et
1405 1816 1549 1856 rudem

171 1882 221 1909 an
252 1870 391 1910 nidum
424 1871 589 1912 falconis
622 1875 832 1926 significet.
867 1897 922 1902 —
955 1873 1010 1914 Ib.
1039 1873 1068 1914 4
1098 1887 1171 1927 pro
1212 1879 1349 1927 operis
1386 1876 1549 1930 Luetjo-

173 1929 331 1970 hannus
364 1931 512 1971 frustra
547 1934 708 1986 scripsit
739 1947 913 1985 operae;
958 1934 1005 1974 cf.
1039 1934 1226 1987 Engelbr.
1255 1934 1410 1977 ‘Beitn'
1443 1951 1480 1991 p.
1509 1936 1548 1979 3.

172 1989 290 2042 Fugit
322 1996 453 2031 autem
480 1992 586 2033 hunc
613 1994 660 2033 ab
686 1996 775 2047 ipso
804 1994 1020 2035 Claudiano
1046 1994 1239 2036 Mamerto
1267 1999 1550 2049 gravissimum

171 2051 448 2091 testimonium
481 2055 610 2105 repeti
642 2067 778 2108 posse3
811 2068 903 2095 nam
937 2067 1027 2094 cum
1053 2069 1090 2108 p.
1121 2055 1218 2110 188,
1247 2055 1304 2098 14
1330 2058 1437 2098 dicat
1463 2071 1547 2099 am-

166 2112 277 2161 plius
320 2123 472 2163 operae
509 2111 795 2155 insumendum
833 2121 908 2165 est,
953 2128 990 2167 p.
1029 2114 1131 2170 156,
1165 2116 1192 2157 6
1233 2119 1430 2170 scriptum
1468 2124 1550 2159 est:

171 2173 351 2211 studium
378 2177 501 2222 atque
527 2186 627 2224 opus
654 2177 843 2216 insumat.
867 2198 918 2204 ——
947 2175 990 2228 V,
1011 2174 1050 2229 6,
1074 2175 1095 2216 1
1127 2178 1161 2216 si
1186 2181 1419 2220 reverenda
1439 2183 1550 2219 recte

173 2242 216 2270 se
249 2230 380 2285 habet,
412 2237 457 2272 ut
483 2237 834 2276 reverentissimus
859 2248 932 2289 pro
959 2240 1341 2288 reverendissimus,
1369 2240 1428 2279 sic
1455 2251 1549 2279 con-

174 2294 237 2330 tra
269 2295 522 2334 reverendus
552 2306 626 2346 pro
659 2308 852 2336 reverens
884 2296 1036 2336 dietum
1069 2309 1158 2337 esse
1192 2298 1449 2339 statuendum
1477 2305 1550 2340 est.

173 2346 371 2403 Equidem
403 2351 537 2392 malim
570 2358 834 2396 reverendae.
869 2379 925 2384 —
958 2356 1000 2410 V,
1027 2354 1066 2410 8,
1092 2355 1120 2398 2
1161 2356 1309 2398 Leonis
1348 2360 1551 2400 coniectu-

176 2422 263 2451 ram
294 2415 456 2453 saeeuli
486 2417 608 2466 eulpa
640 2417 777 2455 nescio
805 2429 854 2456 an
880 2417 1023 2456 melius
1050 2419 1315 2473 recepissem3
1347 2430 1440 2460 nam
1468 2420 1551 2460 vul-
