1592 2612
111 151 216 187 XXII
651 148 946 186 PRAEFATIO.

111 257 151 292 et
182 253 400 298 salutatio;
433 251 481 291 cf.
508 250 646 290 Fausti
678 255 718 290 et
748 249 905 290 Ruricii
936 252 1052 303 epist.
1079 263 1116 303 p.
1149 246 1252 304 195,
1282 248 1354 304 143
1387 247 1489 303 215,

113 311 188 366 12,
221 310 324 365 218,
350 309 394 365 8,
435 309 535 364 368,
566 309 638 364 16,
671 309 773 364 407,
799 309 826 351 6
854 310 901 350 al.
935 305 988 366 (v.
1016 310 1202 363 Engelbr.
1230 306 1344 366 ind).
1410 310 1490 350 Sed

110 374 231 413 etiam
250 374 438 423 sospitas,
465 372 543 411 etsi
563 372 709 424 rarius,
736 371 905 411 eandem
924 371 1027 412 hanc
1049 372 1129 411 vim
1154 370 1286 424 habet,
1312 376 1357 411 ut
1383 370 1488 424 apud

109 432 191 473 Alc.
218 432 318 472 Avit.
345 445 382 485 p.
404 430 474 485 67,
495 429 553 472 23
575 431 911 482 frequentandae
936 434 1143 483 sospitatis
1150 446 1165 479 ;
1193 429 1262 484 77,
1284 429 1338 472 17
1361 443 1487 483 prae-

105 493 198 544 fato
231 494 493 543 laryissimae
523 494 732 544 sospitatis
763 493 929 533 honore.
958 515 1014 519 —
1040 490 1095 531 lb.
1123 490 1270 531 Leonis
1297 492 1489 544 optimam

110 555 383 594 coniecturam
416 553 619 592 Reatinus
652 553 799 605 recepi.
828 575 884 579 ——
917 552 971 592 Ib.
1000 550 1029 592 4
1060 563 1309 602 quamquam
1340 553 1489 591 mutari

109 613 246 667 nolim,
279 626 371 653 cum
402 612 501 652 haec
533 613 586 652 sit
618 613 836 652 sententia:
873 613 1054 664 quamvis
1086 624 1159 665 per
1191 623 1331 652 omnes
1362 611 1490 651 libros

109 679 201 714 tuos
234 674 464 714 continuata
497 674 707 712 maturitas
740 677 941 725 appareat,
973 677 1108 712 tamen
1140 673 1261 712 etiam
1292 673 1488 712 teneritu-

110 735 246 774 dinem
279 733 463 773 admittit.
498 756 555 761 -—
587 732 642 772 111.
670 731 697 774 5
730 745 778 773 ex
810 732 903 772 11Νὸ
934 735 1205 783 horoscopum
1241 733 1397 784 scripsi.
1432 754 1488 759 -—

110 794 165 835 lb.
194 794 221 835 6
255 795 525 834 nominativus
560 794 708 834 Platon
747 794 789 832 in
821 792 852 832 L
891 797 1071 832 servatus
1111 787 1180 847 (cf.
1207 804 1268 844 ep.
1294 791 1355 845 IV,
1386 791 1422 845 1,
1449 789 1490 844 3,

110 854 181 895 ubi
214 856 340 894 ceteri
372 866 531 906 quoque
570 853 665 893 libri
702 853 871 893 eandem
910 853 1080 892 formam
1118 847 1328 907 exhibent)
1368 853 1488 892 etiam

110 914 319 956 Claudiani
359 913 544 953 Mamerti
588 915 778 966 proprius
823 918 895 953 est.
930 936 986 940 —
1026 912 1081 952 111.
1115 910 1141 954 8
1187 924 1279 952 cum
1318 911 1352 951 N
1396 924 1489 952 cum

109 975 278 1028 reliquis
311 974 518 1014 codicibus
552 978 690 1014 contra
717 973 749 1012 L
782 975 1011 1013 consentire
1038 973 1228 1025 viderem,
1260 976 1488 1022 quaternas

110 1037 326 1076 restituere
359 1033 504 1074 melius
537 1034 644 1074 duxi.
673 1057 729 1062 —
757 1033 817 1086 Ν,
842 1032 883 1086 4,
914 1034 932 1073 1
969 1032 1292 1086 Luetjohannum
1325 1037 1488 1072 secutus

109 1101 260 1137 venatu
292 1097 335 1135 in
365 1099 520 1134 textum
547 1096 695 1147 recepi,
727 1106 808 1134 non
836 1106 914 1146 quo
935 1093 1151 1133 verborum
1177 1093 1490 1133 concinnitatem

110 1155 379 1209 quaerendam
413 1167 502 1194 esse
535 1159 720 1207 putarem
754 1178 810 1182 —
843 1166 936 1193 nam
967 1166 1048 1193 non
1082 1153 1207 1193 semel
1236 1152 1341 1206 apud
1374 1151 1489 1192 Sido-

108 1218 222 1257 nium
266 1228 390 1255 unum
435 1214 497 1254 vel
535 1215 613 1255 duo
652 1214 890 1255 bimembria
928 1226 1029 1266 quae
1069 1213 1258 1254 dicuntur
1297 1212 1489 1266 asyndeta

108 1276 343 1316 trimembre
378 1276 544 1329 excipit,
586 1280 630 1314 ut
662 1287 722 1328 ep.
748 1275 777 1328 I,
805 1273 844 1327 6,
870 1273 916 1328 2,
956 1274 1017 1327 Ν,
1044 1272 1115 1327 22,
1141 1272 1168 1314 3
1203 1297 1258 1301 —
1293 1273 1364 1313 sed
1397 1278 1488 1313 ante

109 1342 256 1377 natatu
289 1336 365 1376 hoc
397 1334 635 1375 vocabulum
668 1335 783 1375 facile
817 1334 1058 1375 intercidere
1088 1335 1230 1387 potuit,
1263 1333 1370 1386 quod
1403 1338 1490 1373 tum

110 1399 152 1437 in
180 1396 246 1437 CF
279 1396 387 1436 felici
418 1400 464 1436 ut
489 1395 648 1435 videtur
681 1397 912 1435 coniectura
938 1399 1220 1447 recuperatum
1247 1398 1319 1433 est.
1349 1417 1405 1421 —-
1431 1393 1488 1433 lh.

109 1460 316 1506 venerari,
350 1456 455 1509 quod
483 1457 524 1495 in
552 1455 581 1495 C
607 1468 681 1508 pro
708 1458 912 1496 honorari
936 1455 1095 1508 legitur,
1127 1467 1207 1494 non
1234 1458 1295 1494 est
1320 1453 1489 1493 dubium

111 1519 208 1570 quin
246 1516 532 1569 interpolatum
571 1517 632 1555 sit.
698 1515 892 1555 Similiter
930 1520 1049 1567 atque
1087 1515 1152 1554 hic
1193 1515 1389 1566 scriptum
1428 1518 1491 1553 est

111 1577 215 1631 apud
253 1577 445 1617 Faustum
477 1589 514 1629 p.
546 1575 644 1630 197,
671 1574 696 1617 8
730 1588 854 1626 quae,
892 1578 1002 1616 sieut
1037 1577 1252 1616 moderari
1287 1576 1488 1622 convenit,

110 1641 169 1678 ita
202 1650 369 1678 neeesse
401 1643 460 1678 est
487 1639 708 1687 duplicari.
737 1659 793 1664 —
819 1635 880 1689 IV,
907 1633 947 1689 5,
970 1634 992 1675 1
1029 1636 1206 1676 debebas
1232 1638 1341 1674 recte
1368 1633 1487 1674 Luet-

106 1697 308 1751 johannus
341 1710 388 1737 ex
421 1709 502 1737 uno
534 1696 566 1736 L
598 1698 769 1750 recepit3
808 1708 901 1736 nam
941 1697 975 1735 si
1014 1696 1267 1735 coniunctivo
1307 1706 1355 1733 ex
1393 1706 1490 1733 voce

111 1761 326 1809 indignum
357 1757 558 1810 pendente
589 1769 690 1809 opus
718 1761 838 1810 esset,
870 1757 1047 1796 debendi
1071 1755 1239 1795 verbum
1265 1754 1330 1793 hic
1355 1753 1490 1793 locum

110 1831 192 1859 non
230 1818 414 1871 haberet,
456 1817 527 1857 sed
563 1818 760 1857 scribatis
799 1820 1136 1868 exspectaremus.
1200 1814 1277 1854 Pro
1315 1815 1490 1866 genuina

111 1879 283 1919 lectione
329 1890 420 1918 cum
465 1879 507 1916 in
551 1876 585 1916 N
630 1875 890 1929 neglegenter
935 1877 1085 1916 debeas
1130 1876 1326 1927 scriptum
1371 1879 1491 1927 esset,

111 1938 337 1992 corruptela
389 1938 604 1990 gliscente,
656 1938 750 1989 quia
800 1935 1017 1988 singularis
1066 1947 1260 1975 numerus
1313 1934 1490 1974 librariis

113 1998 351 2052 displicebat
383 1993 520 2053 (paulo
555 1999 663 2037 enim
701 2001 792 2036 ante
830 1998 1082 2037 meditemini
1112 1995 1264 2035 dictum
1296 1990 1399 2050 est),
1441 2006 1490 2033 ex

114 2062 263 2100 debeas
307 2059 455 2098 factum
501 2062 562 2097 est
601 2059 795 2098 debeatis.
828 2080 884 2084 —
924 2056 1072 2096 Contra
1110 2055 1161 2095 ib.
1196 2054 1223 2095 2
1262 2061 1491 2094 ceterorum

114 2120 297 2159 codicum
344 2120 585 2171 scripturam
630 2123 753 2167 atque
798 2119 892 2157 item
930 2118 1064 2157 desint
1102 2120 1240 2155 contra
1272 2114 1366 2154 LN¹²
1403 2116 1491 2154 51116

114 2179 362 2219 dubitatione
395 2179 545 2231 recepi.
580 2201 635 2205 —
669 2177 723 2217 lb.
758 2177 864 2230 quod
897 2178 939 2216 in
971 2176 1000 2216 C
1038 2178 1142 2216 illud
1170 2180 1263 2228 post
1294 2176 1494 2225 quiequid

115 2241 325 2292 omittitur,
358 2252 379 2278 a
400 2238 557 2278 Sidonii
583 2250 729 2290 genere
757 2236 917 2278 dicendi
944 2236 1150 2289 abhorret3
1183 2235 1230 2275 cl'.
1252 2247 1312 2288 ep.
1334 2234 1381 2288 ΙΙ,
1405 2234 1442 2287 1,
1461 2232 1491 2274 4

115 2296 205 2356 (ubi
232 2299 260 2339 C
289 2300 385 2338 item
412 2299 643 2338 inusitatius
669 2299 870 2348 quiequid
893 2303 952 2337 est
979 2298 1082 2337 illud
1105 2291 1263 2350 habet);
1290 2294 1352 2347 IV,
1372 2292 1442 2347 24,
1463 2292 1490 2334 6

115 2362 300 2411 quisquis
333 2362 399 2399 ille
428 2358 560 2408 fuerit
592 2361 807 2408 lanquoris
840 2362 1028 2403 eventus;
1065 2356 1108 2409 V,
1136 2355 1175 2409 2,
1202 2353 1247 2408 2,
1279 2354 1322 2408 V,
1355 2352 1419 2407 14,
1449 2352 1492 2407 13

115 2420 200 2474 VII,
229 2417 303 2472 15,
329 2417 374 2471 2,
413 2418 516 2471 VIII,
543 2416 589 2471 9,
617 2417 654 2459 2.
690 2442 746 2446 -
778 2418 838 2471 Ν,
865 2416 911 2471 6,
937 2415 964 2457 2
997 2416 1300 2456 Wilamowitzio
1338 2414 1493 2454 hiatum
