1592 2612
150 147 235 191 198
626 142 773 179 LIBER
799 138 1036 178 OCTAVUS.

147 249 270 289 fuerit
301 249 377 287 isto
405 258 522 286 causa
547 243 745 297 veniendi,
770 246 1059 295 praesentaneo
1086 237 1384 280 conducibilius
1410 238 1517 279 idem

147 309 296 362 poterit
315 306 513 360 explicare
539 309 773 344 memoratu.
813 301 929 342 nobis
955 312 1050 340 vero
1077 303 1244 353 propter
1269 311 1371 352 quae
1399 310 1521 352 supra

149 369 293 421 scripsi
337 367 568 407 carissimus
603 363 792 416 habetur3
835 361 941 414 quod
986 360 1077 400 ideo
1120 359 1320 414 significo,
1359 360 1453 412 quia
1483 360 1519 399 is

149 428 422 468 efficacissime
450 437 649 478 quemque
676 422 939 475 commendat,
966 422 1036 473 qui
1061 432 1193 460 meras
1220 431 1360 460 causas
1391 420 1520 460 iustae

114 499 130 525 5
151 487 505 528 commendationis
532 485 746 538 aperuerit.
796 494 951 522 memor
976 482 1107 521 nostri
1132 493 1221 521 esse
1248 479 1426 534 dignare,
1452 479 1522 520 do-

149 549 255 588 mine
287 559 397 600 papa.
425 554 427 556 ’
1247 541 1251 545 ’

775 658 893 703 XIV.

245 745 471 782 SIDONIUS
497 743 692 781 DOMINO
719 742 879 779 PAPAE
905 740 1153 798 PRINCIPIO
1182 739 1424 778 SALUTEM.

242 821 278 863 1.
311 822 392 862 Iam
425 822 494 862 diu
525 820 653 875 nohis,
680 832 781 873 papa
806 817 1060 872 venerabilis,
1086 818 1163 858 etsi
1188 816 1363 858 necdum
1387 822 1523 858 vester

147 883 278 923 vultus
306 888 503 936 aspectus,
521 887 656 922 tamen
681 885 792 920 actus
819 881 1025 932 inspectus
1042 873 1124 918 est.
1166 889 1339 931 namque
1367 882 1523 919 sancto-

95 955 129 981 10
148 956 239 983 rum
276 942 360 982 laus
400 942 544 982 diffusa
581 943 818 981 meritorum
860 940 1005 991 stringi
1043 939 1183 991 spatiis
1221 949 1304 978 non
1336 942 1399 978 est
1429 950 1524 980 con-

152 1008 261 1043 tenta
292 1002 487 1043 finalibus.
549 1002 644 1042 hinc
685 1006 747 1041 est
791 999 915 1054 quod,
961 1000 1054 1052 quia
1091 998 1220 1038 bonae
1253 999 1524 1040 conscientiae

149 1055 290 1103 modus
316 1075 394 1102 non
422 1064 595 1115 ponitur,
621 1074 696 1102 nee
721 1061 848 1101 bonae
876 1060 1058 1112 opinioni
1082 1059 1281 1099 terminus
1307 1059 1523 1100 invenitur.

152 1122 190 1163 2.
224 1136 323 1175 quae
356 1123 510 1176 loquor,
541 1122 638 1162 falsa
671 1126 850 1175 censete,
882 1121 963 1160 nisi
993 1119 1237 1172 professioni
1268 1131 1382 1159 meae
1415 1131 1523 1160 com-

153 1188 293 1235 petens
325 1182 586 1235 adstipulator
617 1183 854 1234 accesserit,
893 1181 991 1221 satis
1024 1181 1066 1219 in
1099 1178 1167 1219 illo
1201 1179 1402 1231 quondam
1434 1191 1525 1220 coe-

99 1254 133 1280 15
154 1242 272 1282 nobio
299 1242 502 1282 Lirinensi
534 1241 751 1295 spectabile
778 1245 908 1294 caput,
933 1240 1139 1293 Luporum
1165 1238 1377 1280 concellita
1401 1239 1525 1280 Maxi-

151 1315 387 1355 morumque
439 1308 478 1342 et
533 1303 800 1355 parsimoniae
859 1300 1025 1342 saltibus
1082 1300 1277 1352 consequi
1332 1299 1524 1342 affectans

149 1362 426 1415 Memphiticos
447 1368 487 1403 et
505 1362 749 1402 Palaestinos
771 1361 1114 1402 archimandritas.
1166 1361 1201 1399 is
1228 1364 1290 1400 est
1310 1361 1524 1414 episcopus

149 1422 351 1476 Antiolus‚
383 1424 496 1463 cuius
529 1422 673 1476 relatu,
707 1424 776 1475 qui
807 1427 920 1475 pater
952 1421 1084 1475 vobis,
1123 1421 1272 1474 quique
1306 1419 1524 1474 qualesque

150 1495 220 1523 vos
252 1483 414 1536 fratres,
456 1496 532 1535 qua
571 1495 727 1523 morum
765 1483 1040 1535 praerogativa
1078 1480 1314 1534 pontificatu
1350 1482 1524 1521 maximo

97 1554 132 1581 20
152 1541 267 1582 ambo
312 1543 551 1597 fungamini,
601 1542 795 1583 sollicitus
820 1553 1090 1594 ,cognoscere
1141 1540 1298 1594 studui,
1346 1541 1526 1593 gaudens

150 1603 382 1654 cognovisse
415 1615 478 1643 me
511 1605 686 1643 memini.
752 1602 790 1644 3.
834 1604 899 1642 cui
937 1603 1042 1655 patri
1085 1600 1303 1654 quondam,
1338 1600 1525 1642 videlicet

149 1674 219 1702 vos
250 1662 432 1716 habenti,
476 1665 541 1702 vix
586 1663 727 1703 domus
768 1663 899 1703 Aaron
939 1662 1143 1715 pontificis
1183 1662 1339 1714 antiqui
1376 1663 1523 1702 merito

151 1727 466 1775 compararetur3
506 1736 624 1775 quem
656 1723 750 1763 licet
787 1725 963 1775 primum
998 1724 1040 1761 in
1072 1721 1205 1762 medio
1238 1720 1368 1781 plebis
1406 1721 1522 1762 here-

151 1782 302 1822 mitidis
342 1783 666 1823 sanctificationis
712 1782 798 1822 oleo
845 1783 1000 1835 legiferi
1039 1782 1175 1822 fratris
1217 1780 1357 1821 dextra
1389 1782 1524 1834 perfu-

98 1854 133 1881 25
153 1842 275 1895 derit,
316 1841 418 1882 filios
457 1844 543 1882 eius
585 1845 626 1882 in
668 1842 810 1882 similis
853 1843 975 1882 officii
1012 1843 1150 1882 munia
1187 1852 1352 1894 vocans,
1392 1846 1528 1882 tamen

152 1903 279 1955 ipsius
319 1914 439 1954 super
475 1902 671 1942 Ithamare
719 1908 758 1942 et
801 1902 987 1942 Eleazaro
1030 1901 1263 1942 felicitatem
1304 1900 1441 1941 Nadab
1486 1907 1527 1942 et

151 1962 255 2002 Abiu
296 1961 529 2002 fulminibus
571 1963 693 2002 afflati
734 1962 1035 2016 decoloravere3
1087 1973 1259 2014 quorum
1306 1961 1528 2014 quamlibet

153 2024 486 2074 interemptorum
507 2022 716 2062 credamus
737 2022 997 2062 absolvendas
1019 2024 1182 2075 animaS,
1202 2022 1365 2074 punitas
1390 2026 1527 2062 tamen

90 2073 97 2081 ”
153 2083 303 2122 scimus
336 2094 423 2121 esse
456 2094 659 2134 personas.
711 2081 750 2122 4.
783 2095 852 2122 vos
881 2095 973 2122 vero
1000 2083 1147 2123 tacturi
1178 2082 1364 2134 paginam
1390 2081 1526 2122 altaris

99 2157 135 2183 30
155 2141 273 2195 nihil,
318 2146 362 2181 ut
413 2141 549 2195 audio,
595 2143 747 2182 offertis
789 2144 892 2194 ignis
944 2142 1081 2195 alieni,
1127 2141 1197 2181 sed
1242 2141 1527 2182 comitantibus

251 2273 271 2305 3
298 2268 385 2305 ideo
407 2269 451 2312 L,
480 2279 523 2304 eo
550 2270 584 2315 (e
611 2270 653 2305 i‘n
677 2280 750 2305 ras.
773 2271 795 2304 3
816 2270 885 2305 litt.
908 2269 1188 2315 N¹>NMOT11
1209 2271 1253 2304 10
1279 2268 1419 2304 diffusa
1444 2268 1530 2305 laus

153 2319 192 2363 (a
216 2319 259 2354 i‘n
283 2329 356 2353 ras.
383 2321 417 2353 et
449 2316 531 2352 laus
563 2328 591 2353 s.
620 2318 643 2353 l.
670 2318 756 2353 add.
779 2316 950 2362 M²)M0
982 2319 994 2362 ΙΙ
1035 2321 1077 2352 17
1103 2317 1137 2352 is
1170 2318 1230 2352 est
1260 2317 1389 2364 υαῖρο,
1425 2315 1458 2353 is
1490 2318 1530 2352 et

153 2366 258 2402 codd.
268 2379 280 2408 ;
306 2377 357 2401 om
383 2364 551 2400 scilicet?
579 2365 817 2409 Luetjohavm
836 2366 846 2409 ΙΙ
868 2367 911 2399 18
939 2364 1106 2400 antiolus
1127 2364 1251 2410 LOT,
1279 2364 1460 2400 antiolius
1487 2366 1529 2411 (n

153 2415 196 2450 in
219 2425 293 2450 ras.
317 2413 476 2459 M¹)M11
498 2417 541 2448 26
570 2413 758 2448 Ithamare
786 2413 1036 2458 Luetjohccmz,
1062 2412 1229 2448 ithamar
1254 2413 1357 2449 codd.
1377 2415 1391 2459 ΙΙ
