1592 2612
383 117 616 157 SIDONIUS
639 116 772 154 LUPO
799 115 894 153 SUO
920 113 1154 152 SALUTEM
1379 111 1469 154 193

80 222 309 266 stellatione
351 220 630 275 percontantis
670 220 853 271 inspecta
892 217 1047 270 pariter
1089 227 1240 256 annum
1286 225 1470 255 mensem

79 284 271 337 diemque
295 281 498 335 dixerunt,
524 292 639 334 quos,
662 284 709 320 ut
731 277 856 318 verbo
881 276 1110 317 matheseos
1135 273 1469 329 utar,'climacte-

80 346 191 386 ricos
221 347 332 384 esset
359 341 592 395 habiturus,
623 338 763 393 utpote
795 338 943 392 quibus
975 336 1151 377 themate
1183 334 1316 376 oblato
1352 335 1469 388 quasi

83 404 366 458 sanguinariae
384 403 594 455 geniturae
615 400 778 441 schema
797 399 1008 452 patuisset,
1028 398 1123 451 quia
1142 395 1330 438 videlicet
1348 395 1470 435 amici

82 465 289 506 nascentis
313 475 431 516 anno,
457 472 753 515 quemcumque
779 459 1019 500 clementem
1045 458 1341 511 planeticorum
1362 455 1469 496 side-
1506 470 1527 498 5

85 537 178 566 rum
208 523 372 578 globum
396 524 441 563 in
466 522 702 563 diastemata
726 520 888 561 zodiaca
918 530 1091 573 prosper
1122 523 1236 559 ortus
1268 521 1471 571 erexerat,

83 586 194 626 hunc
230 586 274 625 in
311 596 458 625 occasu
489 583 670 623 cruentis
703 580 865 634 ignibus
896 579 1205 620 inrubescentes
1238 589 1311 618 seu
1349 590 1473 632 super

86 646 288 686 diametro
306 643 533 685 Mercurius
559 642 777 696 asyndetus
797 653 870 681 seu
896 652 1019 693 super
1043 644 1254 693 tetragono
1275 637 1475 680 Saturnus

87 705 349 759 retrogradus
387 716 460 745 seu
492 715 616 756 super
646 706 787 742 centro
817 700 924 741 Mars
950 701 1285 753 apocatastaticus
1311 712 1475 741 exacer-

87 766 264 807 bassent.
329 762 398 806 10.
438 763 510 805 sed
542 763 592 803 de
624 763 708 816 his,
746 763 783 802 si
814 774 893 814 qua
923 761 987 802 vel
1018 773 1181 814 quoquo
1212 761 1332 801 modo
1365 764 1473 813 sunt,
1493 774 1531 801 ιο

89 837 336 880 quamquam
380 826 463 865 sint
505 835 692 864 maxume
737 821 836 862 falsa
879 821 1051 874 ideoque
1083 821 1278 875 fallentia,
1310 822 1346 862 si
1378 819 1476 874 quid

90 886 252 940 plenius
282 885 544 939 planiusque,
582 884 734 924 rectius
772 894 927 936 coram,
965 882 1061 923 licet
1093 887 1132 922 et
1165 883 1252 935 ipse
1285 881 1477 922 arithme-

90 948 195 988 ticae
222 946 386 987 studeas
412 950 464 999 et,
490 957 593 998 quae
619 943 828 996 diligentia
848 947 928 996 tua,
946 942 1161 983 Vertacum
1179 941 1477 995 Thrasybulum

91 1007 356 1048 Saturninum
389 1005 586 1046 sollicitus
617 1003 787 1056 evolvas,
819 1008 865 1043 ut
890 1004 961 1056 qui
987 1015 1148 1056 semper
1172 1002 1230 1043 nil
1255 1004 1336 1042 nisi
1363 1013 1474 1042 arca-

92 1079 191 1108 num
234 1066 468 1119 celsumque
507 1065 716 1106 meditere.
778 1065 944 1104 interim
982 1063 1032 1104 ad
1064 1076 1259 1116 praesens
1290 1062 1349 1102 nil
1381 1074 1476 1102 con·
1497 1075 1533 1102 15

94 1126 347 1168 iecturaliter
371 1131 548 1180 gestum,
578 1124 638 1166 nil
667 1136 743 1178 per
774 1123 979 1178 ambages,
1011 1123 1338 1177 quandoquidem
1368 1122 1479 1163 hunc

94 1193 281 1229 nostrum
305 1188 568 1227 temerarium
594 1186 824 1226 futurorum
844 1185 1137 1224 sciscitatorem
1165 1190 1205 1224 et
1230 1184 1301 1224 diu
1327 1184 1479 1223 frustra

94 1249 430 1301 tergiversantem
443 1252 604 1300 tempus
624 1250 665 1287 et
684 1244 855 1298 qualitas
875 1244 1104 1298 praedictae
1119 1245 1262 1284 mortis
1281 1244 1478 1284 innexuit,

101 1307 171 1350 11.
201 1320 295 1349 nam
326 1307 436 1348 domi
466 1319 634 1361 pressus
667 1304 1019 1358 strangulatusque
1053 1317 1262 1346 servorum
1293 1303 1479 1344 manibus

98 1369 309 1409 obstructo
354 1367 534 1408 anhelitu
577 1371 739 1419 gutture
790 1365 1002 1419 obstricto,
1045 1378 1097 1406 ne
1142 1365 1275 1405 dicam
1319 1363 1481 1405 Lentuli
1499 1377 1536 1403 20

98 1428 313 1481 Iugurthae
350 1433 470 1480 atque
509 1427 663 1480 Seiani,
701 1430 811 1466 certe
855 1424 1091 1466 Numantini
1129 1425 1332 1478 Scipionis
1370 1426 1481 1465 exitu

99 1489 234 1542 periit.
276 1488 375 1528 haec
401 1490 443 1527 in
468 1487 543 1527 hac
570 1486 691 1526 caede
722 1487 856 1525 tristia
887 1487 1035 1539 minus,
1069 1485 1175 1538 quod
1202 1486 1315 1526 nefas
1346 1486 1482 1538 ipsum

98 1561 194 1590 cum
219 1553 382 1588 auctore
410 1548 504 1587 facti
528 1545 781 1600 parricidalis
801 1545 978 1585 diluculo
1004 1547 1224 1586 inventum.
1269 1557 1362 1585 nam
1389 1546 1481 1598 quis

99 1609 150 1650 ab
188 1609 396 1648 hominum
434 1613 516 1647 tam
560 1605 702 1660 procul
746 1617 887 1659 sensu,
929 1607 1021 1658 quis
1060 1607 1113 1645 ita
1147 1607 1307 1658 gemino
1340 1605 1483 1645 obtutu

99 1669 364 1722 eluminatus,
402 1669 472 1720 qui
515 1667 754 1707 exanimati·
775 1665 967 1706 cadavere
1011 1667 1194 1718 inspecto
1232 1677 1314 1705 non
1347 1666 1483 1705 statim
1502 1677 1539 1705 2⁵

102 1731 215 1782 signa
242 1730 345 1769 vitae
372 1727 580 1780 colligeret
605 1723 816 1767 extortae?
863 1724 930 1766 12.
963 1727 1113 1766 etenim
1139 1727 1327 1778 protinus
1366 1738 1483 1778 argu·
1519 1719 1522 1722 ’

102 1795 239 1831 mento
272 1789 385 1829 suere
418 1788 538 1828 livida
571 1789 687 1840 cutis,
719 1785 825 1827 oculi
856 1785 1166 1839 protuberantes
1198 1791 1238 1826 et
1263 1787 1307 1825 in
1339 1785 1483 1825 obruto

102 1849 216 1891 vultu
241 1861 323 1889 non
355 1850 510 1889 minora
543 1849 626 1888 irae
657 1847 825 1898 vestigia
858 1858 977 1899 quam
1010 1845 1172 1886 doloris.
1230 1847 1391 1886 inventa
1423 1850 1486 1886 est

203 1969 225 2002 6
251 1964 483 2001 diastemata
504 1963 661 2000 zodiaca
679 1964 802 2011 vulyo,
823 1961 1014 1999 diastema
1033 1961 1191 1998 zodiaca
1211 1961 1383 2007 LNC'T,
1404 1961 1485 1996 dia-

104 2014 271 2050 stemate
297 2013 453 2049 zodiaco
479 2012 572 2055 PF,
604 2011 666 2047 die
691 2013 728 2057 (e
753 2022 845 2048 eras.
866 2010 946 2056 M1)
978 2011 1165 2046 astemate
1190 2009 1349 2045 zodiaca
1375 2012 1484 2055 (corr.

105 2064 150 2099 in
181 2061 336 2098 zodiaco
362 2060 503 2105 M1)M
523 2062 536 2107 n
564 2063 585 2095 9
612 2058 939 2106 apocatastaticus
966 2059 1070 2101 MT,
1111 2057 1172 2094 vel
1205 2058 1486 2104 apotastaticus

105 2122 135 2147 s.
162 2111 185 2146 1.
213 2110 300 2146 add.
321 2110 397 2154 M¹‚
429 2107 712 2155 apocatasticus
741 2111 849 2152 (corr.
875 2108 919 2143 in
945 2105 1269 2153 apocatastaticus
1295 2106 1454 2151 L²)L0
1474 2107 1484 2153 ἰί

111 2162 155 2194 10
183 2157 215 2193 si
241 2169 316 2202 qua
340 2157 403 2193 vel
429 2167 579 2203 quoque
606 2157 641 2202 (e
666 2167 760 2193 corr.
781 2156 823 2191 in
843 2167 864 2191 o
885 2155 1009 2201 L¹)L,
1034 2154 1067 2189 si
1093 2165 1170 2199 qua
1194 2165 1345 2199 quoque
1374 2157 1486 2199 (corr.

108 2208 152 2242 in
177 2205 310 2251 qualia
334 2215 483 2251 quoque
510 2205 555 2240 N
559 2205 584 2250 ¹)
594 2204 650 2250 N,
686 2203 818 2250 qualia
843 2203 904 2239 vel
931 2213 1081 2248 quoque
1111 2203 1152 2247 T,
1179 2201 1311 2247 qualia
1335 2213 1485 2248 quoque

111 2255 162 2290 M
168 2254 210 2297 C3
243 2253 304 2290 vel
329 2254 458 2290 malim
482 2253 685 2296 secludere,·
716 2254 763 2297 cf.
790 2263 844 2297 ep.
866 2253 901 2296 I,
921 2255 957 2296 9,
976 2254 997 2286 1
1026 2250 1058 2285 si
1084 2250 1168 2295 quis
1195 2261 1347 2296 quoquo
1372 2250 1486 2286 modo

111 2330 120 2338 .
137 2331 144 2337 .
161 2330 169 2338 .
190 2301 317 2337 aditus
337 2304 350 2348 Ι
371 2305 414 2337 12
442 2312 568 2336 coram
597 2301 675 2336 LT
697 2305 731 2337 et
754 2308 863 2344 (corr.
890 2301 933 2336 in
959 2298 1115 2334 coheret
1140 2298 1273 2344 N¹)N‚
1306 2298 1487 2335 cohaeret

118 2350 260 2393 VMG;
296 2350 343 2395 cf.
365 2350 466 2385 Plin.
488 2361 541 2395 ep.
570 2349 685 2393 VIH,
703 2351 772 2394 22,
790 2352 813 2384 4
846 2348 913 2383 sed
944 2346 1079 2382 melius
1113 2356 1241 2382 coram
1276 2348 1290 2392 fl
1329 2350 1372 2381 13
1399 2346 1487 2382 dili-

110 2397 244 2444 gentia
268 2399 337 2433 tua
362 2398 449 2433 LN
454 2398 495 2441 T,
522 2399 590 2433 tua
614 2399 697 2443 (tua
720 2408 748 2434 ε.
776 2397 799 2433 l.
827 2397 914 2432 add.
942 2395 1020 2440 M1)
1049 2394 1251 2440 diligentia
1277 2395 1363 2432 MC
1377 2397 1390 2441 11

187 2464 414 2491 Aronnnuaxs
435 2464 482 2491 sd.
502 2464 586 2491 Mol:
596 2471 618 2490 r.
1227 2458 1270 2490 13
