1592 2612
161 123 246 166 176
641 118 789 155 LIBER
815 117 1051 155 OCTAVUS.

156 224 327 278 cumbis,
359 221 522 263 difficile
554 221 812 274 discernitur,
845 219 998 260 domini
1029 218 1174 272 plusne
1208 220 1261 259 sit
1289 218 1441 260 cultum
1468 231 1540 260 rus

158 298 208 326 an
240 285 456 336 ingenium.
520 280 558 323 2.
592 282 717 333 igitur
754 281 820 320 hic
852 285 914 334 tu,
953 284 1149 333 quantum
1187 279 1398 335 recordor,
1437 281 1540 321 citos

158 345 329 398 iambos,
373 343 507 395 elegos
552 346 691 382 acutos
736 354 781 381 ac
826 341 1064 381 rotundatos
1105 339 1462 394 hendecasyllabos
1501 346 1542 382 et

160 410 293 446 cetera
319 405 495 444 carmina
521 403 698 442 musicos
724 401 846 441 ssores
872 401 1135 454 thymumque
1165 400 1401 456 redolentia,
1431 413 1541 443 nunc

121 479 139 505 5
159 463 487 506 Narbonensibus
514 462 754 516 cantitanda,
779 474 888 502 nunc
914 460 1230 515 Biterrensibus,
1256 461 1542 515 ambigendum

158 525 330 566 celerius
363 537 412 564 an
443 522 652 577 pulchrius
685 522 944 576 elucubrasti,
977 522 1082 574 apud
1115 534 1339 575 aequaevos
1370 523 1541 575 gratiam

157 592 277 640 tuam,
310 585 453 625 famam
486 583 590 636 apud
620 588 805 636 posteros
832 583 1108 636 ampliaturus.
1160 587 1270 623 certe
1296 583 1409 638 mihi,
1442 595 1541 636 quo-

156 647 262 686 tiens
306 646 366 685 tui
408 656 549 684 versus
595 657 617 684 a
654 643 929 684 meditationis
967 643 1114 684 incude
1159 648 1366 697 tamquam
1410 643 1541 685 adhuc

157 706 275 747 calidi
295 704 591 758 deferebantur,
619 706 676 744 sic
702 703 925 758 videbatur,
952 705 1033 758 qui,
1060 705 1139 745 etsi
1164 716 1247 745 non
1269 704 1373 745 bene
1394 704 1543 759 scribe,

104 780 138 806 ιο
156 766 259 807 hene
291 766 437 806 iudico.
500 763 541 805 3.
575 764 663 818 sed,
703 764 811 817 quod
849 765 1055 805 fatendum
1095 769 1173 819 est,
1213 764 1362 806 talibus
1396 765 1542 806 studiis

158 828 335 867 anterior
367 830 474 866 aetas
507 826 612 865 iuste
645 825 809 865 vacabat
842 838 926 879 seu,
959 825 1067 878 quod
1100 830 1162 866 est
1190 827 1339 880 verius,
1371 838 1541 879 occ-upa-

157 887 292 941 batur3
325 886 443 926 modo
476 890 636 938 tempus
664 891 726 926 est
753 887 858 926 seria
885 886 976 941 legi,
1010 887 1116 926 seria
1142 886 1267 927 scribi
1292 886 1422 940 deque
1449 899 1542 940 per-

158 952 278 1000 petua
309 948 389 987 vita
421 948 555 999 potius
590 958 709 999 quam
742 948 936 987 memoria
975 948 1144 999 cogitari
1175 948 1427 1001 nimiumque
1459 959 1543 987 me-

158 1009 325 1048 minisse
370 1011 507 1047 nostra
558 1011 649 1059 post
699 1012 873 1047 mortem
922 1020 1005 1047 non
1055 1007 1247 1061 opuscula
1298 1007 1369 1048 sed
1421 1020 1545 1061 opera

106 1080 139 1106 15
159 1068 375 1121 pensanda.
438 1066 477 1107 4.
511 1080 612 1119 quae
654 1067 817 1120 quidem
855 1068 904 1108 ad
942 1080 1136 1121 praesens
1175 1080 1257 1108 non
1295 1070 1351 1109 ita
1388 1068 1544 1122 loquor,

161 1129 276 1181 quasi
319 1133 364 1168 tu
405 1140 486 1167 non
526 1132 696 1180 utraque
738 1128 935 1169 laudanda
980 1129 1170 1169 conficias
1209 1133 1295 1183 aut,
1341 1130 1376 1169 si
1414 1129 1545 1169 adhuc

161 1189 279 1228 durat
309 1190 352 1228 in
385 1200 570 1228 sermone
603 1188 765 1244 laetitia,
798 1201 880 1229 non
912 1189 1164 1230 custodiatur
1196 1191 1237 1229 in
1265 1191 1422 1230 actione
1450 1202 1544 1230 cen-

162 1261 273 1304 sura,
318 1248 388 1289 sed
426 1253 488 1303 ut,
534 1250 602 1301 qui
635 1249 795 1290 Christo
836 1249 992 1290 favente
1025 1250 1127 1290 clam
1161 1254 1324 1290 sanctus
1357 1262 1420 1304 es,
1465 1251 1546 1290 iam

161 1309 291 1361 palam
330 1308 517 1361 religiosa
554 1310 806 1350 venerandus
852 1312 945 1363 iugo
986 1310 1138 1351 salubri
1175 1310 1276 1351 colla
1314 1312 1468 1364 pariter
1505 1315 1546 1351 et

107 1382 144 1407 20
164 1369 285 1410 corda
323 1369 495 1409 subdare
534 1370 794 1423 invigiletque
840 1370 1083 1411 caelestibus
1125 1371 1261 1424 lingua
1304 1372 1545 1426 praeconiis,

164 1431 294 1469 anima
328 1431 551 1483 sententiis,
584 1430 724 1471 dextra
756 1431 953 1472 donariis:
986 1433 1204 1485 praecipue
1235 1436 1373 1472 tamen
1405 1431 1547 1472 dextra

164 1489 358 1543 donariis,
398 1491 490 1542 quia
523 1491 713 1543 quicquid
747 1491 931 1532 ecclesiis
965 1494 1139 1546 spargis,
1177 1492 1252 1532 tibi
1284 1492 1458 1547 colligis3
1497 1492 1547 1533 ad

164 1551 278 1590 cuius
323 1552 514 1590 exercitia
559 1552 718 1592 virtutis
758 1552 857 1592 illud
898 1552 961 1593 vel
1001 1552 1282 1606 principaliter
1319 1558 1359 1593 te
1397 1554 1547 1606 poterit

165 1610 401 1664 accendere,
446 1611 551 1663 quod
589 1613 695 1652 inter
738 1625 835 1666 opes
875 1613 1076 1666 quaslibet
1113 1614 1255 1668 positi,
1301 1626 1402 1667 quae
1440 1612 1547 1654 bona

108 1681 144 1708 25
165 1670 296 1711 stultis
330 1670 427 1710 falso
459 1677 671 1726 vocantur,
717 1674 752 1713 si
785 1673 881 1726 quid
921 1675 1095 1728 agimus,
1139 1679 1336 1729 nostrum,
1382 1675 1417 1714 si
1450 1673 1548 1727 quid

164 1730 370 1785 habemus,
402 1730 576 1771 alienum
609 1738 681 1773 est.
732 1733 829 1774 vale.

830 1899 882 1942 V.

394 1979 619 2016 SIDONIUS
646 1980 932 2018 FORTUNALI
958 1982 1049 2019 SUO
1078 1982 1320 2019 SALUTEM.

261 2053 297 2094 1.
336 2054 416 2094 Ibis
456 2061 495 2096 et
526 2062 570 2097 tu
609 2059 650 2097 in
687 2060 853 2111 paginas
892 2064 1069 2115 nostras,
1111 2061 1311 2101 amicitiae
1350 2059 1549 2113 columen,

167 2114 413 2169 Fortunalis,
457 2117 736 2158 Hibericarum
776 2119 899 2160 decus
938 2120 1109 2161 inlustre
1143 2122 1372 2174 regionum3
1416 2132 1548 2173 neque

112 2187 147 2214 30
169 2176 276 2215 enim
307 2175 382 2214 tibi
414 2176 663 2218 familiaritas
695 2184 777 2219 tam
808 2192 930 2232 parva
962 2194 1055 2221 eum
1092 2181 1258 2235 litteris,
1295 2185 1340 2221 ut
1371 2193 1445 2233 per
1476 2180 1549 2220 has

217 2350 225 2357 ·
266 2307 289 2357 2
314 2302 376 2339 hic
402 2303 522 2351 igitur
550 2306 647 2353 0113
674 2308 804 2343 cetera
830 2309 869 2343 et
892 2309 1023 2355 L1123
1051 2308 1317 2355 principaliter
1341 2309 1381 2344 te
1407 2308 1453 2345 N
1455 2307 1506 2344 M
1511 2308 1549 2352 C,

167 2351 436 2397 puncipaliter
469 2354 550 2397 (om.
578 2355 631 2400 te)
666 2356 714 2401 T,
753 2355 966 2402 principale
999 2358 1037 2393 te
1064 2358 1167 2403 LV‚·
1205 2358 1252 2403 cf.
1279 2369 1334 2404 ep.
1361 2357 1442 2403 III,
1470 2359 1506 2402 3,
1526 2358 1550 2392 3

168 2399 265 2435 illud
292 2400 333 2435 in
358 2401 397 2436 te
425 2400 603 2438 affectum
630 2402 897 2450 principaliter
923 2405 1186 2441 universitatis
1215 2404 1391 2441 accendit
1410 2409 1423 2452 ss
