<?xml version="1.0" encoding="UTF-8"?>
<!DOCTYPE html PUBLIC "-//W3C//DTD XHTML 1.0 Transitional//EN"
    "http://www.w3.org/TR/xhtml1/DTD/xhtml1-transitional.dtd">
<html xmlns="http://www.w3.org/1999/xhtml" xml:lang="en" lang="en">
 <head>
  <title>
</title>
<meta http-equiv="Content-Type" content="text/html;charset=utf-8" />
  <meta name='ocr-system' content='tesseract 3.04.00' />
  <meta name='ocr-capabilities' content='ocr_page ocr_carea ocr_par ocr_line ocrx_word'/>
</head>
<body>
  <div class='ocr_page' id='page_1' title='image "./csolliusapollina00sidouoft_0281.png"; bbox 0 0 1592 2612; ppageno 0'>
   <div class='ocr_carea' id='block_1_1' title="bbox 0 0 241 60">
    <p class='ocr_par' dir='ltr' id='par_1_1' title="bbox 0 0 241 60">
     <span class='ocr_line' id='line_1_1' title="bbox 0 0 241 60; baseline 0 -22"><span class='ocrx_word' id='word_1_1' title='bbox 0 0 241 60; x_wconf 95' lang='lat' dir='ltr'>   </span> <span class='ocrx_word' id='word_1_2' title='bbox 237 6 241 38; x_wconf 95' lang='lat' dir='ltr'> </span> 
     </span>
    </p>
   </div>
   <div class='ocr_carea' id='block_1_2' title="bbox 131 0 305 49">
    <p class='ocr_par' dir='ltr' id='par_1_2' title="bbox 131 0 305 49">
     <span class='ocr_line' id='line_1_2' title="bbox 143 0 305 35; baseline 0.006 -7"><span class='ocrx_word' id='word_1_3' title='bbox 143 32 146 34; x_wconf 48' lang='grc'>,</span> <span class='ocrx_word' id='word_1_4' title='bbox 191 0 305 35; x_wconf 39' lang='lat' dir='ltr'>3343*ss-</span> 
     </span>
     <span class='ocr_line' id='line_1_3' title="bbox 131 33 215 49; baseline -0.024 -10"><span class='ocrx_word' id='word_1_5' title='bbox 131 36 137 43; x_wconf 81' lang='grc'><em>,</em></span> <span class='ocrx_word' id='word_1_6' title='bbox 160 35 190 49; x_wconf 32' lang='grc' dir='ltr'>,ἢ</span> <span class='ocrx_word' id='word_1_7' title='bbox 212 33 215 37; x_wconf 82' lang='grc'><em>,</em></span> 
     </span>
    </p>
   </div>
   <div class='ocr_carea' id='block_1_3' title="bbox 240 113 1429 191">
    <p class='ocr_par' dir='ltr' id='par_1_3' title="bbox 240 113 1429 191">
     <span class='ocr_line' id='line_1_4' title="bbox 240 113 1429 191; baseline 0.007 -7"><span class='ocrx_word' id='word_1_8' title='bbox 240 113 468 184; x_wconf 74' lang='lat' dir='ltr'>summus</span> <span class='ocrx_word' id='word_1_9' title='bbox 491 123 841 184; x_wconf 71' lang='lat' dir='ltr'>nuncnunlom</span> <span class='ocrx_word' id='word_1_10' title='bbox 866 146 960 185; x_wconf 81' lang='lat' dir='ltr'>suo</span> <span class='ocrx_word' id='word_1_11' title='bbox 986 146 1234 184; x_wconf 76' lang='lat' dir='ltr'><strong>SALUTEM.</strong></span> <span class='ocrx_word' id='word_1_12' title='bbox 1338 147 1429 191; x_wconf 80' lang='lat'>229</span> 
     </span>
    </p>
   </div>
   <div class='ocr_carea' id='block_1_4' title="bbox 44 247 1484 1268">
    <p class='ocr_par' dir='ltr' id='par_1_4' title="bbox 44 247 1484 1268">
     <span class='ocr_line' id='line_1_5' title="bbox 45 247 1430 303; baseline 0 -13"><span class='ocrx_word' id='word_1_13' title='bbox 45 247 320 302; x_wconf 81' lang='lat' dir='ltr'><strong>Hippocraten</strong></span> <span class='ocrx_word' id='word_1_14' title='bbox 362 248 412 289; x_wconf 88' lang='lat' dir='ltr'>de</span> <span class='ocrx_word' id='word_1_15' title='bbox 451 248 690 302; x_wconf 87' lang='lat' dir='ltr'>corporibus</span> <span class='ocrx_word' id='word_1_16' title='bbox 728 248 1020 303; x_wconf 82' lang='lat' dir='ltr'>disputantem3</span> <span class='ocrx_word' id='word_1_17' title='bbox 1060 248 1207 302; x_wconf 86' lang='lat' dir='ltr'>dignus</span> <span class='ocrx_word' id='word_1_18' title='bbox 1252 250 1430 303; x_wconf 90' lang='lat' dir='ltr'>omnin0,</span> 
     </span>
     <span class='ocr_line' id='line_1_6' title="bbox 47 307 1429 362; baseline 0 -12"><span class='ocrx_word' id='word_1_19' title='bbox 47 321 171 362; x_wconf 88' lang='lat' dir='ltr'>quem</span> <span class='ocrx_word' id='word_1_20' title='bbox 204 307 488 362; x_wconf 83' lang='lat' dir='ltr'>plausibilibus</span> <span class='ocrx_word' id='word_1_21' title='bbox 528 308 656 350; x_wconf 86' lang='lat' dir='ltr'>Roma</span> <span class='ocrx_word' id='word_1_22' title='bbox 692 309 847 350; x_wconf 85' lang='lat' dir='ltr'>foveret</span> <span class='ocrx_word' id='word_1_23' title='bbox 883 308 990 349; x_wconf 91' lang='lat' dir='ltr'>ulnis</span> <span class='ocrx_word' id='word_1_24' title='bbox 1029 321 1189 362; x_wconf 89' lang='lat' dir='ltr'>quoque</span> <span class='ocrx_word' id='word_1_25' title='bbox 1234 311 1429 350; x_wconf 84' lang='lat' dir='ltr'>recitante</span> 
     </span>
     <span class='ocr_line' id='line_1_7' title="bbox 47 367 1429 423; baseline -0.001 -13"><span class='ocrx_word' id='word_1_26' title='bbox 47 370 283 423; x_wconf 79' lang='lat' dir='ltr'>crepitantis</span> <span class='ocrx_word' id='word_1_27' title='bbox 300 369 496 410; x_wconf 83' lang='lat' dir='ltr'>Athenaei</span> <span class='ocrx_word' id='word_1_28' title='bbox 521 368 713 410; x_wconf 88' lang='lat' dir='ltr'>subsellia</span> <span class='ocrx_word' id='word_1_29' title='bbox 738 374 907 410; x_wconf 84' lang='lat' dir='ltr'>cuneata</span> <span class='ocrx_word' id='word_1_30' title='bbox 933 374 1222 422; x_wconf 88' lang='lat' dir='ltr'>quaterentur.-</span> <span class='ocrx_word' id='word_1_31' title='bbox 1253 367 1293 410; x_wconf 89' lang='lat'>3.</span> <span class='ocrx_word' id='word_1_32' title='bbox 1321 370 1429 423; x_wconf 89' lang='lat' dir='ltr'>quod</span> 
     </span>
     <span class='ocr_line' id='line_1_8' title="bbox 45 428 1427 487; baseline 0 -17"><span class='ocrx_word' id='word_1_33' title='bbox 45 428 190 483; x_wconf 89' lang='lat' dir='ltr'>procul</span> <span class='ocrx_word' id='word_1_34' title='bbox 220 428 343 471; x_wconf 87' lang='lat' dir='ltr'>dubio</span> <span class='ocrx_word' id='word_1_35' title='bbox 375 429 689 487; x_wconf 89' lang='lat' dir='ltr'>consequebare,</span> <span class='ocrx_word' id='word_1_36' title='bbox 720 431 756 470; x_wconf 91' lang='lat' dir='ltr'>si</span> <span class='ocrx_word' id='word_1_37' title='bbox 786 431 898 483; x_wconf 86' lang='lat' dir='ltr'>pacis</span> <span class='ocrx_word' id='word_1_38' title='bbox 929 429 1088 483; x_wconf 87' lang='lat' dir='ltr'>locique</span> <span class='ocrx_word' id='word_1_39' title='bbox 1121 429 1304 470; x_wconf 91' lang='lat' dir='ltr'>condicio</span> <span class='ocrx_word' id='word_1_40' title='bbox 1335 443 1427 483; x_wconf 90' lang='lat' dir='ltr'>per-</span> 
     </span>
     <span class='ocr_line' id='line_1_9' title="bbox 46 489 1484 544; baseline -0.002 -13"><span class='ocrx_word' id='word_1_41' title='bbox 46 491 245 544; x_wconf 87' lang='lat' dir='ltr'>mitteret,</span> <span class='ocrx_word' id='word_1_42' title='bbox 274 495 321 531; x_wconf 90' lang='lat' dir='ltr'>ut</span> <span class='ocrx_word' id='word_1_43' title='bbox 350 489 435 531; x_wconf 92' lang='lat' dir='ltr'>illic</span> <span class='ocrx_word' id='word_1_44' title='bbox 466 491 691 530; x_wconf 87' lang='lat' dir='ltr'>senatoriae</span> <span class='ocrx_word' id='word_1_45' title='bbox 723 491 944 531; x_wconf 86' lang='lat' dir='ltr'>iuventutis</span> <span class='ocrx_word' id='word_1_46' title='bbox 977 489 1244 531; x_wconf 89' lang='lat' dir='ltr'>contubernio</span> <span class='ocrx_word' id='word_1_47' title='bbox 1276 492 1427 531; x_wconf 86' lang='lat' dir='ltr'>mixtus</span> <span class='ocrx_word' id='word_1_48' title='bbox 1466 502 1484 528; x_wconf 84' lang='lat'>5</span> 
     </span>
     <span class='ocr_line' id='line_1_10' title="bbox 47 549 1425 604; baseline 0.001 -14"><span class='ocrx_word' id='word_1_49' title='bbox 47 549 270 591; x_wconf 82' lang='lat' dir='ltr'>erudirere.</span> <span class='ocrx_word' id='word_1_50' title='bbox 327 551 445 591; x_wconf 86' lang='lat' dir='ltr'>cuius</span> <span class='ocrx_word' id='word_1_51' title='bbox 476 555 516 590; x_wconf 90' lang='lat' dir='ltr'>te</span> <span class='ocrx_word' id='word_1_52' title='bbox 548 550 700 603; x_wconf 84' lang='lat' dir='ltr'>gloriae</span> <span class='ocrx_word' id='word_1_53' title='bbox 732 552 886 604; x_wconf 87' lang='lat' dir='ltr'>pariter</span> <span class='ocrx_word' id='word_1_54' title='bbox 917 563 963 591; x_wconf 90' lang='lat' dir='ltr'>ac</span> <span class='ocrx_word' id='word_1_55' title='bbox 995 551 1122 591; x_wconf 84' lang='lat' dir='ltr'>famae</span> <span class='ocrx_word' id='word_1_56' title='bbox 1155 563 1344 604; x_wconf 87' lang='lat' dir='ltr'>capacem</span> <span class='ocrx_word' id='word_1_57' title='bbox 1376 551 1425 591; x_wconf 90' lang='lat' dir='ltr'>de</span> 
     </span>
     <span class='ocr_line' id='line_1_11' title="bbox 46 610 1426 665; baseline 0 -14"><span class='ocrx_word' id='word_1_58' title='bbox 46 611 240 652; x_wconf 90' lang='lat' dir='ltr'>orationis</span> <span class='ocrx_word' id='word_1_59' title='bbox 272 615 363 652; x_wconf 86' lang='lat' dir='ltr'>tuae</span> <span class='ocrx_word' id='word_1_60' title='bbox 396 610 588 664; x_wconf 85' lang='lat' dir='ltr'>qualitate</span> <span class='ocrx_word' id='word_1_61' title='bbox 621 612 822 665; x_wconf 90' lang='lat' dir='ltr'>coniecto,</span> <span class='ocrx_word' id='word_1_62' title='bbox 867 612 910 651; x_wconf 88' lang='lat' dir='ltr'>in</span> <span class='ocrx_word' id='word_1_63' title='bbox 948 624 1027 664; x_wconf 91' lang='lat' dir='ltr'>qua</span> <span class='ocrx_word' id='word_1_64' title='bbox 1066 616 1107 651; x_wconf 92' lang='lat' dir='ltr'>te</span> <span class='ocrx_word' id='word_1_65' title='bbox 1139 611 1426 651; x_wconf 88' lang='lat' dir='ltr'>decentissime</span> 
     </span>
     <span class='ocr_line' id='line_1_12' title="bbox 44 671 1427 725; baseline 0 -14"><span class='ocrx_word' id='word_1_66' title='bbox 44 683 177 724; x_wconf 87' lang='lat' dir='ltr'>nuper</span> <span class='ocrx_word' id='word_1_67' title='bbox 206 672 493 724; x_wconf 86' lang='lat' dir='ltr'>pronuntiante</span> <span class='ocrx_word' id='word_1_68' title='bbox 527 683 629 724; x_wconf 90' lang='lat' dir='ltr'>quae</span> <span class='ocrx_word' id='word_1_69' title='bbox 656 671 821 724; x_wconf 89' lang='lat' dir='ltr'>quidem</span> <span class='ocrx_word' id='word_1_70' title='bbox 847 673 1071 725; x_wconf 87' lang='lat' dir='ltr'>scripseras</span> <span class='ocrx_word' id='word_1_71' title='bbox 1098 671 1427 724; x_wconf 83' lang='lat' dir='ltr'>extemporaliter</span> 
     </span>
     <span class='ocr_line' id='line_1_13' title="bbox 46 730 1427 786; baseline 0 -14"><span class='ocrx_word' id='word_1_72' title='bbox 46 730 349 772; x_wconf 87' lang='lat' dir='ltr'>admirabantur</span> <span class='ocrx_word' id='word_1_73' title='bbox 390 731 585 785; x_wconf 85' lang='lat' dir='ltr'>benivoli,</span> <span class='ocrx_word' id='word_1_74' title='bbox 634 731 885 772; x_wconf 89' lang='lat' dir='ltr'>mirabantur</span> <span class='ocrx_word' id='word_1_75' title='bbox 936 731 1120 786; x_wconf 82' lang='lat' dir='ltr'>superbi,</span> <span class='ocrx_word' id='word_1_76' title='bbox 1164 731 1427 772; x_wconf 88' lang='lat' dir='ltr'>morabantur</span> 
     </span>
     <span class='ocr_line' id='line_1_14' title="bbox 45 791 1482 846; baseline 0 -14"><span class='ocrx_word' id='word_1_77' title='bbox 45 793 179 846; x_wconf 87' lang='lat' dir='ltr'>periti.</span> <span class='ocrx_word' id='word_1_78' title='bbox 242 792 314 832; x_wconf 92' lang='lat' dir='ltr'>sed</span> <span class='ocrx_word' id='word_1_79' title='bbox 358 804 409 832; x_wconf 91' lang='lat' dir='ltr'>ne</span> <span class='ocrx_word' id='word_1_80' title='bbox 453 791 711 845; x_wconf 86' lang='lat' dir='ltr'>impudenter</span> <span class='ocrx_word' id='word_1_81' title='bbox 754 792 1038 832; x_wconf 86' lang='lat' dir='ltr'>verecundiam</span> <span class='ocrx_word' id='word_1_82' title='bbox 1082 797 1194 832; x_wconf 89' lang='lat' dir='ltr'>tuam</span> <span class='ocrx_word' id='word_1_83' title='bbox 1237 792 1425 832; x_wconf 89' lang='lat' dir='ltr'>laudibus</span> <span class='ocrx_word' id='word_1_84' title='bbox 1446 805 1482 831; x_wconf 84' lang='grc' dir='ltr'>ιο</span> 
     </span>
     <span class='ocr_line' id='line_1_15' title="bbox 48 851 1429 906; baseline 0 -14"><span class='ocrx_word' id='word_1_85' title='bbox 48 853 187 893; x_wconf 88' lang='lat' dir='ltr'>nimiis</span> <span class='ocrx_word' id='word_1_86' title='bbox 218 851 326 892; x_wconf 90' lang='lat' dir='ltr'>ultro</span> <span class='ocrx_word' id='word_1_87' title='bbox 356 864 601 906; x_wconf 90' lang='lat' dir='ltr'>premamus,</span> <span class='ocrx_word' id='word_1_88' title='bbox 625 854 842 906; x_wconf 90' lang='lat' dir='ltr'>praeconia</span> <span class='ocrx_word' id='word_1_89' title='bbox 872 857 941 893; x_wconf 94' lang='lat' dir='ltr'>tua</span> <span class='ocrx_word' id='word_1_90' title='bbox 973 854 1122 893; x_wconf 88' lang='lat' dir='ltr'>iustius</span> <span class='ocrx_word' id='word_1_91' title='bbox 1154 852 1203 892; x_wconf 90' lang='lat' dir='ltr'>de</span> <span class='ocrx_word' id='word_1_92' title='bbox 1235 857 1276 892; x_wconf 91' lang='lat' dir='ltr'>te</span> <span class='ocrx_word' id='word_1_93' title='bbox 1309 865 1429 905; x_wconf 90' lang='lat' dir='ltr'>quam</span> 
     </span>
     <span class='ocr_line' id='line_1_16' title="bbox 47 906 1429 967; baseline 0 -14"><span class='ocrx_word' id='word_1_94' title='bbox 47 911 125 953; x_wconf 92' lang='lat' dir='ltr'>tibi</span> <span class='ocrx_word' id='word_1_95' title='bbox 144 906 371 953; x_wconf 86' lang='lat' dir='ltr'>scribimus.</span> <span class='ocrx_word' id='word_1_96' title='bbox 422 913 499 953; x_wconf 91' lang='lat' dir='ltr'>hoc</span> <span class='ocrx_word' id='word_1_97' title='bbox 523 914 672 967; x_wconf 88' lang='lat' dir='ltr'>potius,</span> <span class='ocrx_word' id='word_1_98' title='bbox 697 912 804 953; x_wconf 90' lang='lat' dir='ltr'>unde</span> <span class='ocrx_word' id='word_1_99' title='bbox 832 917 894 953; x_wconf 89' lang='lat' dir='ltr'>est</span> <span class='ocrx_word' id='word_1_100' title='bbox 918 925 1039 953; x_wconf 86' lang='lat' dir='ltr'>causa</span> <span class='ocrx_word' id='word_1_101' title='bbox 1064 914 1278 967; x_wconf 89' lang='lat' dir='ltr'>sermonis,</span> <span class='ocrx_word' id='word_1_102' title='bbox 1302 915 1429 953; x_wconf 91' lang='lat' dir='ltr'>intro-</span> 
     </span>
     <span class='ocr_line' id='line_1_17' title="bbox 47 971 1428 1027; baseline 0 -14"><span class='ocrx_word' id='word_1_103' title='bbox 47 974 269 1013; x_wconf 75' lang='lat' dir='ltr'>mittamus.</span> <span class='ocrx_word' id='word_1_104' title='bbox 329 971 370 1014; x_wconf 89' lang='lat'>4.</span> <span class='ocrx_word' id='word_1_105' title='bbox 422 974 549 1025; x_wconf 87' lang='lat' dir='ltr'>igitur</span> <span class='ocrx_word' id='word_1_106' title='bbox 592 975 819 1026; x_wconf 85' lang='lat' dir='ltr'>interrogas</span> <span class='ocrx_word' id='word_1_107' title='bbox 859 985 933 1026; x_wconf 91' lang='lat' dir='ltr'>per</span> <span class='ocrx_word' id='word_1_108' title='bbox 975 972 1278 1027; x_wconf 86' lang='lat' dir='ltr'>pugillatorem,</span> <span class='ocrx_word' id='word_1_109' title='bbox 1326 986 1428 1026; x_wconf 90' lang='lat' dir='ltr'>quos</span> 
     </span>
     <span class='ocr_line' id='line_1_18' title="bbox 49 1033 1428 1088; baseline 0 -14"><span class='ocrx_word' id='word_1_110' title='bbox 49 1037 308 1074; x_wconf 87' lang='lat' dir='ltr'>recurrentes</span> <span class='ocrx_word' id='word_1_111' title='bbox 346 1045 524 1074; x_wconf 87' lang='lat' dir='ltr'>asseram</span> <span class='ocrx_word' id='word_1_112' title='bbox 564 1046 726 1087; x_wconf 80' lang='lat' dir='ltr'>versus,</span> <span class='ocrx_word' id='word_1_113' title='bbox 764 1038 810 1074; x_wconf 90' lang='lat' dir='ltr'>ut</span> <span class='ocrx_word' id='word_1_114' title='bbox 847 1033 957 1074; x_wconf 86' lang='lat' dir='ltr'>celer</span> <span class='ocrx_word' id='word_1_115' title='bbox 994 1033 1211 1088; x_wconf 85' lang='lat' dir='ltr'>explicem,</span> <span class='ocrx_word' id='word_1_116' title='bbox 1243 1033 1314 1074; x_wconf 89' lang='lat' dir='ltr'>sed</span> <span class='ocrx_word' id='word_1_117' title='bbox 1353 1033 1428 1074; x_wconf 92' lang='lat' dir='ltr'>sub</span> 
     </span>
     <span class='ocr_line' id='line_1_19' title="bbox 49 1092 1484 1148; baseline 0 -15"><span class='ocrx_word' id='word_1_118' title='bbox 49 1092 244 1147; x_wconf 89' lang='lat' dir='ltr'>exemplo.</span> <span class='ocrx_word' id='word_1_119' title='bbox 306 1093 350 1133; x_wconf 91' lang='lat' dir='ltr'>hi</span> <span class='ocrx_word' id='word_1_120' title='bbox 380 1095 575 1134; x_wconf 91' lang='lat' dir='ltr'>nimirum</span> <span class='ocrx_word' id='word_1_121' title='bbox 607 1098 701 1134; x_wconf 92' lang='lat' dir='ltr'>sunt</span> <span class='ocrx_word' id='word_1_122' title='bbox 732 1098 1003 1148; x_wconf 87' lang='lat' dir='ltr'>recurrentes,</span> <span class='ocrx_word' id='word_1_123' title='bbox 1034 1095 1105 1147; x_wconf 93' lang='lat' dir='ltr'>qui</span> <span class='ocrx_word' id='word_1_124' title='bbox 1134 1099 1265 1135; x_wconf 89' lang='lat' dir='ltr'>metro</span> <span class='ocrx_word' id='word_1_125' title='bbox 1297 1099 1427 1134; x_wconf 85' lang='lat' dir='ltr'>stante</span> <span class='ocrx_word' id='word_1_126' title='bbox 1450 1105 1484 1132; x_wconf 82' lang='lat'>15</span> 
     </span>
     <span class='ocr_line' id='line_1_20' title="bbox 50 1153 1430 1208; baseline 0 -14"><span class='ocrx_word' id='word_1_127' title='bbox 50 1165 183 1207; x_wconf 86' lang='lat' dir='ltr'>neque</span> <span class='ocrx_word' id='word_1_128' title='bbox 214 1153 364 1194; x_wconf 90' lang='lat' dir='ltr'>litteris</span> <span class='ocrx_word' id='word_1_129' title='bbox 396 1153 484 1194; x_wconf 91' lang='lat' dir='ltr'>loco</span> <span class='ocrx_word' id='word_1_130' title='bbox 515 1155 637 1194; x_wconf 91' lang='lat' dir='ltr'>motis</span> <span class='ocrx_word' id='word_1_131' title='bbox 669 1159 714 1194; x_wconf 92' lang='lat' dir='ltr'>ut</span> <span class='ocrx_word' id='word_1_132' title='bbox 746 1153 795 1194; x_wconf 90' lang='lat' dir='ltr'>ab</span> <span class='ocrx_word' id='word_1_133' title='bbox 827 1154 992 1194; x_wconf 81' lang='lat' dir='ltr'>exordio</span> <span class='ocrx_word' id='word_1_134' title='bbox 1025 1154 1075 1194; x_wconf 90' lang='lat' dir='ltr'>ad</span> <span class='ocrx_word' id='word_1_135' title='bbox 1105 1155 1339 1208; x_wconf 87' lang='lat' dir='ltr'>terminum,</span> <span class='ocrx_word' id='word_1_136' title='bbox 1371 1156 1430 1195; x_wconf 88' lang='lat' dir='ltr'>sic</span> 
     </span>
     <span class='ocr_line' id='line_1_21' title="bbox 50 1213 1369 1268; baseline 0.001 -14"><span class='ocrx_word' id='word_1_137' title='bbox 50 1226 73 1254; x_wconf 91' lang='lat' dir='ltr'>a</span> <span class='ocrx_word' id='word_1_138' title='bbox 104 1214 184 1254; x_wconf 83' lang='lat' dir='ltr'>fine</span> <span class='ocrx_word' id='word_1_139' title='bbox 215 1213 453 1267; x_wconf 80' lang='lat' dir='ltr'>releguntur</span> <span class='ocrx_word' id='word_1_140' title='bbox 483 1214 532 1254; x_wconf 92' lang='lat' dir='ltr'>ad</span> <span class='ocrx_word' id='word_1_141' title='bbox 565 1227 778 1255; x_wconf 87' lang='lat' dir='ltr'>summum.</span> <span class='ocrx_word' id='word_1_142' title='bbox 830 1216 888 1255; x_wconf 91' lang='lat' dir='ltr'>sic</span> <span class='ocrx_word' id='word_1_143' title='bbox 921 1217 984 1255; x_wconf 80' lang='lat' dir='ltr'>est</span> <span class='ocrx_word' id='word_1_144' title='bbox 1008 1214 1108 1255; x_wconf 89' lang='lat' dir='ltr'>illud</span> <span class='ocrx_word' id='word_1_145' title='bbox 1140 1216 1369 1268; x_wconf 85' lang='lat' dir='ltr'>antiquum:</span> 
     </span>
    </p>
   </div>
   <div class='ocr_carea' id='block_1_5' title="bbox 50 1297 1170 1422">
    <p class='ocr_par' dir='ltr' id='par_1_5' title="bbox 50 1297 1170 1422">
     <span class='ocr_line' id='line_1_22' title="bbox 308 1297 1170 1341; baseline 0.001 -3"><span class='ocrx_word' id='word_1_146' title='bbox 308 1297 435 1338; x_wconf 90' lang='lat' dir='ltr'>Roma</span> <span class='ocrx_word' id='word_1_147' title='bbox 465 1298 542 1341; x_wconf 91' lang='lat' dir='ltr'>tibi</span> <span class='ocrx_word' id='word_1_148' title='bbox 573 1298 707 1339; x_wconf 90' lang='lat' dir='ltr'>subito</span> <span class='ocrx_word' id='word_1_149' title='bbox 739 1298 917 1339; x_wconf 91' lang='lat' dir='ltr'>motibus</span> <span class='ocrx_word' id='word_1_150' title='bbox 950 1299 1026 1339; x_wconf 92' lang='lat' dir='ltr'>ibit</span> <span class='ocrx_word' id='word_1_151' title='bbox 1057 1311 1170 1339; x_wconf 91' lang='lat' dir='ltr'>amor</span> 
     </span>
     <span class='ocr_line' id='line_1_23' title="bbox 50 1370 261 1422; baseline -0.005 -11"><span class='ocrx_word' id='word_1_152' title='bbox 50 1370 110 1422; x_wconf 89' lang='lat' dir='ltr'>[et</span> <span class='ocrx_word' id='word_1_153' title='bbox 140 1370 261 1411; x_wconf 91' lang='lat' dir='ltr'>illud:</span> 
     </span>
    </p>
   </div>
   <div class='ocr_carea' id='block_1_6' title="bbox 279 1434 1483 1497">
    <p class='ocr_par' dir='ltr' id='par_1_6' title="bbox 279 1434 1483 1497">
     <span class='ocr_line' id='line_1_24' title="bbox 279 1434 1483 1497; baseline -0.001 -15"><span class='ocrx_word' id='word_1_154' title='bbox 279 1441 363 1482; x_wconf 90' lang='lat' dir='ltr'>sole</span> <span class='ocrx_word' id='word_1_155' title='bbox 394 1434 557 1489; x_wconf 80' lang='lat' dir='ltr'>medere</span> <span class='ocrx_word' id='word_1_156' title='bbox 589 1443 711 1497; x_wconf 86' lang='lat' dir='ltr'>pede,</span> <span class='ocrx_word' id='word_1_157' title='bbox 743 1443 817 1483; x_wconf 90' lang='lat' dir='ltr'>ede</span> <span class='ocrx_word' id='word_1_158' title='bbox 850 1443 999 1496; x_wconf 89' lang='lat' dir='ltr'>perede</span> <span class='ocrx_word' id='word_1_159' title='bbox 1031 1443 1191 1495; x_wconf 72' lang='lat' dir='ltr'>melos]</span> <span class='ocrx_word' id='word_1_160' title='bbox 1448 1455 1483 1481; x_wconf 63' lang='grc' dir='ltr'>ρο</span> 
     </span>
    </p>
   </div>
   <div class='ocr_carea' id='block_1_7' title="bbox 0 1524 1484 2125">
    <p class='ocr_par' dir='ltr' id='par_1_7' title="bbox 0 1524 1484 2125">
     <span class='ocr_line' id='line_1_25' title="bbox 50 1524 1476 1581; baseline -0.001 -13"><span class='ocrx_word' id='word_1_161' title='bbox 50 1524 91 1568; x_wconf 84' lang='grc'>5.</span> <span class='ocrx_word' id='word_1_162' title='bbox 135 1539 211 1567; x_wconf 90' lang='lat' dir='ltr'>nec</span> <span class='ocrx_word' id='word_1_163' title='bbox 242 1538 324 1566; x_wconf 88' lang='lat' dir='ltr'>non</span> <span class='ocrx_word' id='word_1_164' title='bbox 355 1525 555 1567; x_wconf 90' lang='lat' dir='ltr'>habentur</span> <span class='ocrx_word' id='word_1_165' title='bbox 591 1539 665 1580; x_wconf 88' lang='lat' dir='ltr'>pro</span> <span class='ocrx_word' id='word_1_166' title='bbox 703 1527 1027 1581; x_wconf 88' lang='lat' dir='ltr'>recurrentibus,</span> <span class='ocrx_word' id='word_1_167' title='bbox 1059 1529 1130 1580; x_wconf 92' lang='lat' dir='ltr'>qui</span> <span class='ocrx_word' id='word_1_168' title='bbox 1159 1527 1309 1580; x_wconf 88' lang='lat' dir='ltr'>pedum</span> <span class='ocrx_word' id='word_1_169' title='bbox 1340 1527 1429 1580; x_wconf 85' lang='lat' dir='ltr'>lege</span> <span class='ocrx_word' id='word_1_170' title='bbox 1470 1569 1476 1575; x_wconf 68' lang='grc'>,</span> 
     </span>
     <span class='ocr_line' id='line_1_26' title="bbox 52 1584 1429 1641; baseline 0 -14"><span class='ocrx_word' id='word_1_171' title='bbox 52 1592 209 1627; x_wconf 91' lang='lat' dir='ltr'>servata</span> <span class='ocrx_word' id='word_1_172' title='bbox 247 1588 324 1627; x_wconf 88' lang='lat' dir='ltr'>etsi</span> <span class='ocrx_word' id='word_1_173' title='bbox 362 1599 444 1627; x_wconf 90' lang='lat' dir='ltr'>non</span> <span class='ocrx_word' id='word_1_174' title='bbox 481 1599 555 1640; x_wconf 87' lang='lat' dir='ltr'>per</span> <span class='ocrx_word' id='word_1_175' title='bbox 593 1584 773 1640; x_wconf 80' lang='lat' dir='ltr'>singulos</span> <span class='ocrx_word' id='word_1_176' title='bbox 811 1589 964 1641; x_wconf 90' lang='lat' dir='ltr'>apices,</span> <span class='ocrx_word' id='word_1_177' title='bbox 1002 1600 1076 1640; x_wconf 89' lang='lat' dir='ltr'>per</span> <span class='ocrx_word' id='word_1_178' title='bbox 1107 1587 1263 1640; x_wconf 86' lang='lat' dir='ltr'>singula</span> <span class='ocrx_word' id='word_1_179' title='bbox 1296 1593 1429 1628; x_wconf 86' lang='lat' dir='ltr'>tamen</span> 
     </span>
     <span class='ocr_line' id='line_1_27' title="bbox 50 1644 1428 1703; baseline 0 -16"><span class='ocrx_word' id='word_1_180' title='bbox 50 1647 172 1688; x_wconf 78' lang='lat' dir='ltr'>verba</span> <span class='ocrx_word' id='word_1_181' title='bbox 217 1646 485 1701; x_wconf 87' lang='lat' dir='ltr'>replicantur,</span> <span class='ocrx_word' id='word_1_182' title='bbox 529 1652 574 1687; x_wconf 90' lang='lat' dir='ltr'>ut</span> <span class='ocrx_word' id='word_1_183' title='bbox 617 1653 679 1688; x_wconf 91' lang='lat' dir='ltr'>est</span> <span class='ocrx_word' id='word_1_184' title='bbox 718 1660 843 1688; x_wconf 91' lang='lat' dir='ltr'>unum</span> <span class='ocrx_word' id='word_1_185' title='bbox 875 1647 1076 1688; x_wconf 90' lang='lat' dir='ltr'>distichon</span> <span class='ocrx_word' id='word_1_186' title='bbox 1108 1660 1243 1688; x_wconf 91' lang='lat' dir='ltr'>meum</span> <span class='ocrx_word' id='word_1_187' title='bbox 1276 1644 1428 1703; x_wconf 82' lang='lat' dir='ltr'>(qualia</span> 
     </span>
     <span class='ocr_line' id='line_1_28' title="bbox 0 1703 1429 1763; baseline 0 -16"><span class='ocrx_word' id='word_1_188' title='bbox 0 1741 10 1755; x_wconf 85' lang='lat'>‚</span> <span class='ocrx_word' id='word_1_189' title='bbox 49 1719 144 1748; x_wconf 88' lang='lat' dir='ltr'>reor</span> <span class='ocrx_word' id='word_1_190' title='bbox 175 1707 363 1760; x_wconf 90' lang='lat' dir='ltr'>equidem</span> <span class='ocrx_word' id='word_1_191' title='bbox 395 1706 475 1760; x_wconf 84' lang='lat' dir='ltr'>legi</span> <span class='ocrx_word' id='word_1_192' title='bbox 507 1706 631 1748; x_wconf 88' lang='lat' dir='ltr'>multa</span> <span class='ocrx_word' id='word_1_193' title='bbox 663 1703 916 1763; x_wconf 77' lang='lat' dir='ltr'>multorum),</span> <span class='ocrx_word' id='word_1_194' title='bbox 955 1708 1061 1761; x_wconf 87' lang='lat' dir='ltr'>quod</span> <span class='ocrx_word' id='word_1_195' title='bbox 1094 1708 1142 1748; x_wconf 91' lang='lat' dir='ltr'>de</span> <span class='ocrx_word' id='word_1_196' title='bbox 1176 1707 1305 1748; x_wconf 82' lang='lat' dir='ltr'>rivulo</span> <span class='ocrx_word' id='word_1_197' title='bbox 1338 1707 1429 1761; x_wconf 89' lang='lat' dir='ltr'>lusi,</span> 
     </span>
     <span class='ocr_line' id='line_1_29' title="bbox 50 1766 1484 1822; baseline 0 -15"><span class='ocrx_word' id='word_1_198' title='bbox 50 1769 122 1821; x_wconf 91' lang='lat' dir='ltr'>qui</span> <span class='ocrx_word' id='word_1_199' title='bbox 146 1769 359 1820; x_wconf 91' lang='lat' dir='ltr'>repentino</span> <span class='ocrx_word' id='word_1_200' title='bbox 385 1766 653 1820; x_wconf 88' lang='lat' dir='ltr'>procellarum</span> <span class='ocrx_word' id='word_1_201' title='bbox 672 1773 811 1821; x_wconf 87' lang='lat' dir='ltr'>pastus</span> <span class='ocrx_word' id='word_1_202' title='bbox 836 1768 979 1821; x_wconf 91' lang='lat' dir='ltr'>illapsu</span> <span class='ocrx_word' id='word_1_203' title='bbox 999 1767 1285 1822; x_wconf 89' lang='lat' dir='ltr'>publicumque</span> <span class='ocrx_word' id='word_1_204' title='bbox 1312 1780 1428 1821; x_wconf 84' lang='lat' dir='ltr'>agge·</span> <span class='ocrx_word' id='word_1_205' title='bbox 1449 1779 1484 1806; x_wconf 78' lang='lat'>25</span> 
     </span>
     <span class='ocr_line' id='line_1_30' title="bbox 40 1827 1428 1882; baseline 0.001 -15"><span class='ocrx_word' id='word_1_206' title='bbox 40 1840 139 1868; x_wconf 74' lang='lat' dir='ltr'>vrem</span> <span class='ocrx_word' id='word_1_207' title='bbox 177 1827 413 1880; x_wconf 78' lang='lat' dir='ltr'>confragoso</span> <span class='ocrx_word' id='word_1_208' title='bbox 458 1827 609 1868; x_wconf 89' lang='lat' dir='ltr'>diluvio</span> <span class='ocrx_word' id='word_1_209' title='bbox 656 1841 945 1882; x_wconf 88' lang='lat' dir='ltr'>supergressus</span> <span class='ocrx_word' id='word_1_210' title='bbox 991 1828 1150 1868; x_wconf 90' lang='lat' dir='ltr'>subdita</span> <span class='ocrx_word' id='word_1_211' title='bbox 1195 1830 1280 1868; x_wconf 89' lang='lat' dir='ltr'>viae</span> <span class='ocrx_word' id='word_1_212' title='bbox 1322 1827 1428 1869; x_wconf 88' lang='lat' dir='ltr'>culta</span> 
     </span>
     <span class='ocr_line' id='line_1_31' title="bbox 50 1887 1428 1942; baseline 0 -14"><span class='ocrx_word' id='word_1_213' title='bbox 50 1887 332 1941; x_wconf 85' lang='lat' dir='ltr'>inundaverat,</span> <span class='ocrx_word' id='word_1_214' title='bbox 376 1900 618 1941; x_wconf 87' lang='lat' dir='ltr'>quamquam</span> <span class='ocrx_word' id='word_1_215' title='bbox 662 1888 920 1942; x_wconf 82' lang='lat' dir='ltr'>depositurus</span> <span class='ocrx_word' id='word_1_216' title='bbox 964 1890 1148 1929; x_wconf 86' lang='lat' dir='ltr'>insanam</span> <span class='ocrx_word' id='word_1_217' title='bbox 1180 1901 1272 1928; x_wconf 83' lang='lat' dir='ltr'>mox</span> <span class='ocrx_word' id='word_1_218' title='bbox 1304 1887 1428 1928; x_wconf 85' lang='lat' dir='ltr'>abun-</span> 
     </span>
     <span class='ocr_line' id='line_1_32' title="bbox 50 1948 1428 2002; baseline -0.001 -13"><span class='ocrx_word' id='word_1_219' title='bbox 50 1948 239 2002; x_wconf 89' lang='lat' dir='ltr'>dantiam,</span> <span class='ocrx_word' id='word_1_220' title='bbox 271 1949 419 2001; x_wconf 89' lang='lat' dir='ltr'>quippe</span> <span class='ocrx_word' id='word_1_221' title='bbox 453 1961 572 2001; x_wconf 90' lang='lat' dir='ltr'>quam</span> <span class='ocrx_word' id='word_1_222' title='bbox 603 1948 750 2002; x_wconf 89' lang='lat' dir='ltr'>pluviis</span> <span class='ocrx_word' id='word_1_223' title='bbox 776 1948 1066 2002; x_wconf 85' lang='lat' dir='ltr'>appendicibus</span> <span class='ocrx_word' id='word_1_224' title='bbox 1092 1951 1428 1989; x_wconf 88' lang='lat' dir='ltr'>intumescentem</span> 
     </span>
     <span class='ocr_line' id='line_1_33' title="bbox 49 2008 1428 2062; baseline 0 -13"><span class='ocrx_word' id='word_1_225' title='bbox 49 2008 108 2049; x_wconf 88' lang='lat' dir='ltr'>nil</span> <span class='ocrx_word' id='word_1_226' title='bbox 145 2020 319 2061; x_wconf 90' lang='lat' dir='ltr'>superna</span> <span class='ocrx_word' id='word_1_227' title='bbox 357 2020 481 2048; x_wconf 83' lang='lat' dir='ltr'>venae</span> <span class='ocrx_word' id='word_1_228' title='bbox 522 2010 715 2061; x_wconf 86' lang='lat' dir='ltr'>perennis</span> <span class='ocrx_word' id='word_1_229' title='bbox 756 2010 935 2062; x_wconf 88' lang='lat' dir='ltr'>pondera</span> <span class='ocrx_word' id='word_1_230' title='bbox 967 2009 1166 2050; x_wconf 85' lang='lat' dir='ltr'>inflarent.</span> <span class='ocrx_word' id='word_1_231' title='bbox 1223 2008 1262 2050; x_wconf 90' lang='grc'>6.</span> <span class='ocrx_word' id='word_1_232' title='bbox 1304 2010 1428 2061; x_wconf 85' lang='lat' dir='ltr'>igitur</span> 
     </span>
     <span class='ocr_line' id='line_1_34' title="bbox 49 2064 1483 2125; baseline -0.001 -16"><span class='ocrx_word' id='word_1_233' title='bbox 49 2069 142 2109; x_wconf 84' lang='lat' dir='ltr'>istic</span> <span class='ocrx_word' id='word_1_234' title='bbox 187 2064 300 2124; x_wconf 88' lang='lat' dir='ltr'>(nam</span> <span class='ocrx_word' id='word_1_235' title='bbox 336 2070 464 2108; x_wconf 79' lang='lat' dir='ltr'>viator</span> <span class='ocrx_word' id='word_1_236' title='bbox 509 2066 790 2125; x_wconf 82' lang='lat' dir='ltr'>adveneram),</span> <span class='ocrx_word' id='word_1_237' title='bbox 833 2069 929 2109; x_wconf 90' lang='lat' dir='ltr'>dum</span> <span class='ocrx_word' id='word_1_238' title='bbox 968 2071 1096 2122; x_wconf 86' lang='lat' dir='ltr'>magis</span> <span class='ocrx_word' id='word_1_239' title='bbox 1140 2071 1269 2122; x_wconf 85' lang='lat' dir='ltr'>ripam</span> <span class='ocrx_word' id='word_1_240' title='bbox 1308 2082 1427 2121; x_wconf 84' lang='lat' dir='ltr'>quam</span> <span class='ocrx_word' id='word_1_241' title='bbox 1447 2081 1483 2108; x_wconf 79' lang='lat'>30</span> 
     </span>
    </p>
   </div>
   <div class='ocr_carea' id='block_1_8' title="bbox 49 2183 1458 2472">
    <p class='ocr_par' dir='ltr' id='par_1_8' title="bbox 49 2183 1458 2472">
     <span class='ocr_line' id='line_1_35' title="bbox 50 2183 1430 2231; baseline 0 -11"><span class='ocrx_word' id='word_1_242' title='bbox 50 2184 199 2231; x_wconf 81' lang='lat' dir='ltr'>PFus</span> <span class='ocrx_word' id='word_1_243' title='bbox 223 2183 535 2230; x_wconf 72' lang='lat' dir='ltr'>pronuntiantem</span> <span class='ocrx_word' id='word_1_244' title='bbox 555 2184 793 2230; x_wconf 75' lang='lat' dir='ltr'>Luetjohann</span> <span class='ocrx_word' id='word_1_245' title='bbox 815 2187 820 2230; x_wconf 93' lang='grc' dir='ltr'>Ι</span> <span class='ocrx_word' id='word_1_246' title='bbox 843 2196 941 2231; x_wconf 82' lang='lat' dir='ltr'>quae</span> <span class='ocrx_word' id='word_1_247' title='bbox 967 2197 1035 2222; x_wconf 87' lang='lat' dir='ltr'>om.</span> <span class='ocrx_word' id='word_1_248' title='bbox 1058 2185 1091 2222; x_wconf 84' lang='lat'><em>0</em></span> <span class='ocrx_word' id='word_1_249' title='bbox 1104 2187 1116 2231; x_wconf 70' lang='lat' dir='ltr'>fl</span> <span class='ocrx_word' id='word_1_250' title='bbox 1143 2188 1163 2220; x_wconf 89' lang='grc'>9</span> <span class='ocrx_word' id='word_1_251' title='bbox 1190 2184 1430 2221; x_wconf 80' lang='lat' dir='ltr'>mirabantur</span> 
     </span>
     <span class='ocr_line' id='line_1_36' title="bbox 49 2231 1429 2280; baseline -0.001 -10"><span class='ocrx_word' id='word_1_252' title='bbox 49 2236 84 2270; x_wconf 76' lang='lat' dir='ltr'>et</span> <span class='ocrx_word' id='word_1_253' title='bbox 107 2233 357 2269; x_wconf 79' lang='lat' dir='ltr'>morabantur</span> <span class='ocrx_word' id='word_1_254' title='bbox 381 2233 504 2279; x_wconf 78' lang='lat' dir='ltr'>vulqo,</span> <span class='ocrx_word' id='word_1_255' title='bbox 528 2231 768 2269; x_wconf 78' lang='lat' dir='ltr'>mirabuntur</span> <span class='ocrx_word' id='word_1_256' title='bbox 791 2238 825 2270; x_wconf 83' lang='lat' dir='ltr'>et</span> <span class='ocrx_word' id='word_1_257' title='bbox 849 2233 1103 2269; x_wconf 79' lang='lat' dir='ltr'>morabuntur</span> <span class='ocrx_word' id='word_1_258' title='bbox 1119 2234 1222 2270; x_wconf 81' lang='lat' dir='ltr'>codd.</span> <span class='ocrx_word' id='word_1_259' title='bbox 1242 2234 1256 2280; x_wconf 82' lang='grc' dir='ltr'>ΙΙ</span> <span class='ocrx_word' id='word_1_260' title='bbox 1277 2236 1322 2269; x_wconf 87' lang='grc'>18</span> <span class='ocrx_word' id='word_1_261' title='bbox 1342 2237 1429 2280; x_wconf 79' lang='lat' dir='ltr'>post</span> 
     </span>
     <span class='ocr_line' id='line_1_37' title="bbox 51 2280 1458 2330; baseline 0.001 -14"><span class='ocrx_word' id='word_1_262' title='bbox 51 2291 159 2317; x_wconf 78' lang='lat' dir='ltr'>amor</span> <span class='ocrx_word' id='word_1_263' title='bbox 184 2282 320 2328; x_wconf 66' lang='lat' dir='ltr'>legitur</span> <span class='ocrx_word' id='word_1_264' title='bbox 344 2282 387 2316; x_wconf 78' lang='lat' dir='ltr'>in</span> <span class='ocrx_word' id='word_1_265' title='bbox 416 2280 461 2317; x_wconf 83' lang='lat' dir='ltr'>C.-</span> <span class='ocrx_word' id='word_1_266' title='bbox 500 2282 548 2316; x_wconf 78' lang='lat' dir='ltr'>et.</span> <span class='ocrx_word' id='word_1_267' title='bbox 600 2280 633 2316; x_wconf 81' lang='lat' dir='ltr'>si</span> <span class='ocrx_word' id='word_1_268' title='bbox 664 2281 761 2318; x_wconf 85' lang='lat' dir='ltr'>bene</span> <span class='ocrx_word' id='word_1_269' title='bbox 793 2284 832 2318; x_wconf 86' lang='lat' dir='ltr'>te</span> <span class='ocrx_word' id='word_1_270' title='bbox 864 2284 933 2317; x_wconf 81' lang='lat' dir='ltr'>tua</span> <span class='ocrx_word' id='word_1_271' title='bbox 963 2281 1048 2317; x_wconf 85' lang='lat' dir='ltr'>laus</span> <span class='ocrx_word' id='word_1_272' title='bbox 1081 2282 1190 2317; x_wconf 81' lang='lat' dir='ltr'>taxat</span> <span class='ocrx_word' id='word_1_273' title='bbox 1220 2292 1291 2317; x_wconf 81' lang='lat' dir='ltr'>sua</span> <span class='ocrx_word' id='word_1_274' title='bbox 1322 2280 1458 2330; x_wconf 33' lang='lat' dir='ltr'>laute.</span> 
     </span>
     <span class='ocr_line' id='line_1_38' title="bbox 49 2327 1429 2377; baseline 0.001 -13"><span class='ocrx_word' id='word_1_275' title='bbox 49 2327 199 2364; x_wconf 78' lang='lat' dir='ltr'>tenebis</span> <span class='ocrx_word' id='word_1_276' title='bbox 235 2330 248 2374; x_wconf 74' lang='lat' dir='ltr'>ss</span> <span class='ocrx_word' id='word_1_277' title='bbox 287 2332 331 2364; x_wconf 85' lang='lat'>19</span> <span class='ocrx_word' id='word_1_278' title='bbox 364 2330 404 2364; x_wconf 79' lang='lat' dir='ltr'>et</span> <span class='ocrx_word' id='word_1_279' title='bbox 440 2327 538 2364; x_wconf 84' lang='lat' dir='ltr'>illud</span> <span class='ocrx_word' id='word_1_280' title='bbox 573 2340 689 2376; x_wconf 75' lang='lat' dir='ltr'>usque</span> <span class='ocrx_word' id='word_1_281' title='bbox 725 2330 776 2367; x_wconf 83' lang='lat' dir='ltr'>ad</span> <span class='ocrx_word' id='word_1_282' title='bbox 806 2330 926 2366; x_wconf 83' lang='lat' dir='ltr'>melos</span> <span class='ocrx_word' id='word_1_283' title='bbox 957 2330 1106 2366; x_wconf 80' lang='lat' dir='ltr'>seclusit</span> <span class='ocrx_word' id='word_1_284' title='bbox 1140 2329 1379 2375; x_wconf 73' lang='lat' dir='ltr'>Lwetj0hann</span> <span class='ocrx_word' id='word_1_285' title='bbox 1415 2330 1429 2377; x_wconf 79' lang='grc' dir='ltr'>Η</span> 
     </span>
     <span class='ocr_line' id='line_1_39' title="bbox 50 2372 1426 2423; baseline 0.002 -12"><span class='ocrx_word' id='word_1_286' title='bbox 50 2379 97 2412; x_wconf 81' lang='lat'>20</span> <span class='ocrx_word' id='word_1_287' title='bbox 122 2376 239 2422; x_wconf 86' lang='lat' dir='ltr'>pedes</span> <span class='ocrx_word' id='word_1_288' title='bbox 262 2372 331 2422; x_wconf 75' lang='lat' dir='ltr'>Fu</span> <span class='ocrx_word' id='word_1_289' title='bbox 350 2380 396 2412; x_wconf 82' lang='lat'>23</span> <span class='ocrx_word' id='word_1_290' title='bbox 422 2377 555 2422; x_wconf 81' lang='lat' dir='ltr'>verba]</span> <span class='ocrx_word' id='word_1_291' title='bbox 582 2378 752 2413; x_wconf 88' lang='lat' dir='ltr'>membra.</span> <span class='ocrx_word' id='word_1_292' title='bbox 771 2377 813 2414; x_wconf 79' lang='lat' dir='ltr'><strong><em>F</em></strong></span> <span class='ocrx_word' id='word_1_293' title='bbox 829 2381 841 2422; x_wconf 71' lang='grc' dir='ltr'>ιι</span> <span class='ocrx_word' id='word_1_294' title='bbox 861 2381 907 2413; x_wconf 77' lang='lat'>24</span> <span class='ocrx_word' id='word_1_295' title='bbox 932 2377 1111 2423; x_wconf 88' lang='lat' dir='ltr'>equidem</span> <span class='ocrx_word' id='word_1_296' title='bbox 1131 2377 1181 2423; x_wconf 81' lang='lat' dir='ltr'>F,</span> <span class='ocrx_word' id='word_1_297' title='bbox 1209 2380 1249 2414; x_wconf 81' lang='lat' dir='ltr'>et</span> <span class='ocrx_word' id='word_1_298' title='bbox 1272 2377 1426 2423; x_wconf 85' lang='lat' dir='ltr'>quidem</span> 
     </span>
     <span class='ocr_line' id='line_1_40' title="bbox 51 2423 1111 2472; baseline 0.002 -12"><span class='ocrx_word' id='word_1_299' title='bbox 51 2423 205 2471; x_wconf 75' lang='lat' dir='ltr'><strong>MCPfl</strong></span> <span class='ocrx_word' id='word_1_300' title='bbox 223 2428 270 2460; x_wconf 77' lang='lat'>26</span> <span class='ocrx_word' id='word_1_301' title='bbox 297 2424 402 2461; x_wconf 79' lang='lat' dir='ltr'>culta</span> <span class='ocrx_word' id='word_1_302' title='bbox 427 2423 511 2460; x_wconf 85' lang='lat' dir='ltr'>viae</span> <span class='ocrx_word' id='word_1_303' title='bbox 541 2425 663 2471; x_wconf 66' lang='lat'>(11129</span> <span class='ocrx_word' id='word_1_304' title='bbox 689 2425 808 2462; x_wconf 87' lang='lat' dir='ltr'>nichil</span> <span class='ocrx_word' id='word_1_305' title='bbox 834 2426 879 2472; x_wconf 84' lang='lat' dir='ltr'>P,</span> <span class='ocrx_word' id='word_1_306' title='bbox 906 2425 1003 2461; x_wconf 86' lang='lat' dir='ltr'>nihil</span> <span class='ocrx_word' id='word_1_307' title='bbox 1031 2426 1080 2462; x_wconf 80' lang='lat' dir='ltr'><em>M</em></span> <span class='ocrx_word' id='word_1_308' title='bbox 1098 2427 1111 2471; x_wconf 82' lang='grc' dir='ltr'>ΙΙ</span> 
     </span>
    </p>
   </div>
  </div>
 </body>
</html>
