1592 2612
117 140 348 180 SIDONIUS
371 140 571 178 DOMINO
595 139 759 177 PAPAE
783 138 1051 177 PERPETUO
1077 140 1323 178 SALUTEM.
1375 140 1463 184 153

73 243 113 287 3.
145 244 196 286 de
234 255 314 298 quo
350 247 488 284 tamen
519 242 728 296 Simplicio
768 244 911 284 scitote
950 245 1110 284 narrari
1140 242 1316 296 plurima
1346 242 1465 297 bona,

72 311 194 360 atque
226 317 275 345 ea
305 303 470 358 quidem
501 316 524 344 a
554 303 743 357 plurimis
774 303 905 344 honis.
964 316 1067 357 quae
1098 305 1332 344 testimonia
1363 304 1466 345 mihi

72 368 205 421 prima
235 365 369 406 fronte
401 363 608 417 conloquii
638 376 721 404 ιιοιι
747 366 845 405 satis
872 370 996 419 grata,
1029 366 1124 418 quia
1150 366 1249 405 satis
1276 367 1466 420 gratiosa,

72 426 369 469 iudicabantur.
418 430 460 466 at
489 430 706 478 postquam
732 425 913 466 aemulos
940 427 1029 466 eius
1055 425 1157 466 nihil
1183 426 1265 466 vidi
1290 426 1465 480 amphus

74 500 196 542 quam
227 485 367 541 silere,
404 491 525 556 atque
558 498 629 526 eos
660 491 866 540 maxume,
905 488 976 539 qui
1008 486 1130 527 fidem
1162 487 1300 527 fovent
1329 487 1464 528 Arria·
1503 498 1521 526 5

74 561 240 603 norum,
276 559 409 600 neque
449 548 657 600 quippiam
695 548 923 601 nominato,
961 547 1056 588 licet
1095 548 1268 590 necdum
1301 553 1466 589 nostrae

73 609 354 664 professionis,
379 606 580 648 inlicitum
601 609 763 662 opponi,
789 609 969 648 animum
989 608 1145 649 adverti
1163 610 1467 650 exactissimum

73 672 208 711 virum
232 680 354 723 posse
380 670 553 722 censeri,
580 668 630 708 de
658 671 737 722 quo
759 670 858 724 civis
878 669 1009 710 malus
1029 668 1154 723 loqui,
1179 669 1311 710 bonus
1330 674 1467 711 tacere

73 743 158 772 non
181 734 332 784 posset.
375 725 416 769 4.
444 729 516 769 sed
541 741 615 769 cur
647 741 721 782 ego
747 731 874 770 istaec
900 731 1063 783 ineptus
1090 730 1232 784 adieci,
1264 735 1469 784 tamquam

75 792 215 832 darem
240 789 457 831 consilium
484 791 554 843 qui
578 788 777 843 poposci?
815 791 914 843 quin
939 792 1076 844 potius
1102 792 1237 831 omnia
1264 803 1313 831 ex
1332 796 1467 832 vestro
1489 801 1532 830 10·

74 857 178 893 nutu
218 851 387 892 arbitrio
425 849 653 903 litterisque
693 850 962 904 disponentur
999 851 1297 922 sacerdotibus,
1340 865 1468 906 popu·
1491 857 1495 860 ⁴

60 912 229 968 >laribus
248 911 627 952 manifestabuntur.
659 920 799 964 neque
816 913 924 952 enim
945 913 1001 953 ita
1020 912 1274 966 desipimus
1264 925 1307 953 111
1326 917 1470 967 totum,

77 978 142 1015 ut
155 965 404 1014 evocandum
435 976 477 1012 te
507 973 699 1026 primum,
737 974 774 1012 si
803 974 942 1013 venire
975 973 1169 1026 possibile
1202 978 1278 1027 est,
1309 973 1470 1028 deinde,

78 1036 115 1075 si
158 1033 256 1087 quid
295 1034 480 1087 sequius,
525 1038 636 1073 certe
675 1032 969 1074 consulendum
1011 1033 1346 1089 decerneremus,
1389 1036 1471 1074 nisi

0 1147 5 1152 ¹
76 1096 120 1135 in
158 1093 346 1135 omnibus
384 1092 631 1134 obsecuturi.
694 1106 852 1134 memor
888 1096 1020 1134 nostri
1052 1107 1142 1135 esse
1175 1095 1361 1150 dignare,
1400 1095 1470 1135 do·
1491 1106 1528 1133 15

75 1157 186 1197 mine
217 1167 333 1209 papa.

733 1272 810 1316 IX.

163 1354 402 1398 *SIDONIUS
427 1355 624 1392 DOMINO
651 1355 814 1391 PAPAE
841 1356 1104 1394 PERPETUO
1133 1356 1378 1393 SALUTEM.

173 1431 210 1473 1.
249 1432 459 1472 Desiderio
499 1432 742 1485 spiritalium
782 1432 1020 1486 lectionum,
1066 1446 1238 1486 quarum
1276 1434 1352 1475 tibi
1389 1440 1471 1475 tam

78 1506 154 1548 per
191 1493 445 1533 authenticos
488 1505 607 1545 quam
652 1506 727 1551 per
765 1493 1039 1546 disputatores
1083 1493 1339 1547 bybliotheca
1377 1495 1473 1535 fidei

80 1553 301 1595 catholicae
327 1552 613 1606 perfamiliaris
638 1556 714 1607 est,
745 1555 867 1594 etiam
893 1553 974 1607 illa,
1001 1567 1103 1606 quae
1130 1567 1359 1595 maxumam
1385 1561 1472 1596 tua·
1494 1568 1531 1594 20

80 1627 173 1656 rum
199 1613 356 1654 scilicet
381 1614 541 1654 aurium
567 1615 734 1653 minime
762 1614 883 1667 digna
910 1619 1005 1654 sunt
1024 1626 1223 1668 occupare
1246 1628 1473 1670 censuram,

81 1687 252 1716 noscere
273 1675 408 1728 cupis;
434 1674 636 1727 siquidem
655 1675 848 1729 iniungis,
873 1679 919 1715 ut
938 1676 1174 1729 orationem,
1196 1689 1315 1728 quam
1335 1677 1475 1717 videor

83 1736 133 1777 ad
164 1734 325 1789 plebem
350 1734 545 1788 Biturigis
577 1736 620 1775 in
646 1734 818 1775 ecclesia
845 1737 1151 1789 sermocinatus,
1183 1736 1258 1776 tihi
1285 1737 1475 1790 dirigam3

85 1798 153 1838 cui
172 1803 260 1837 non
286 1795 489 1836 rhetorica
514 1797 693 1850 partitio,
724 1808 806 1836 ιιοιι
833 1797 1032 1837 oratoriae
1058 1798 1204 1850 minae,
1236 1809 1318 1837 non
1343 1810 1475 1850 gram-

84 1856 291 1898 maticales
318 1856 470 1909 figurae
497 1861 788 1909 congruentem
815 1857 1004 1897 decorem
1024 1857 1360 1910 disciplinamque
1381 1870 1475 1910 sup·
1495 1869 1539 1896 2⁵

85 1918 380 1971 peditaverunt.
438 1915 477 1958 2.
509 1929 641 1969 neque
674 1918 783 1957 enim
815 1916 910 1972 illic,
943 1922 988 1958 ut
1019 1923 1158 1958 exacte
1191 1918 1477 1970 perorantibus

85 1990 175 2019 mos
207 1983 282 2032 est,
314 1982 382 2018 aut
413 1977 593 2030 pondera
619 1977 812 2018 historica
844 1983 913 2018 aut
944 1980 1102 2031 poetica
1136 1979 1337 2019 schemata
1371 1980 1477 2019 scin-

188 2098 207 2130 1
235 2095 338 2131 bona
363 2105 431 2131 om.
458 2093 558 2139 0112
584 2093 710 2139 prima.
735 2094 853 2130 michi
875 2095 974 2141 0118
1002 2094 1096 2130 civis
1117 2095 1253 2139 LNT,
1279 2094 1406 2140 quivis
1421 2095 1477 2140 M,

88 2143 154 2180 vel
178 2142 274 2179 civis
300 2155 327 2180 s.
356 2143 379 2179 Ζ.
407 2143 493 2179 add.
515 2141 592 2187 M¹,
615 2141 675 2178 vis
705 2143 734 2179 0
750 2145 762 2187 11
783 2148 803 2179 9
831 2143 907 2178 ista.
932 2143 1028 2179 haec
1054 2144 1159 2179 codd.
1181 2145 1192 2188 11
1215 2148 1256 2178 11
1284 2143 1476 2190 populari—

88 2191 237 2237 busque
264 2192 351 2237 (que
378 2202 470 2227 eras.
499 2190 676 2237 M1)MT
691 2193 704 2236 11
727 2195 770 2226 13
796 2191 925 2227 venire
954 2204 1020 2228 om.
1047 2192 1082 2227 T
1098 2195 1110 2237 11
1134 2196 1176 2227 14
1204 2191 1358 2237 sequius
1385 2192 1421 2227 L
1446 2197 1480 2228 et

89 2245 133 2277 ut
156 2253 190 2277 v.
217 2240 277 2285 N,
307 2241 371 2276 sed
396 2251 490 2276 corr.
516 2241 560 2275 in
585 2250 693 2275 secus
720 2240 764 2275 N
767 2241 789 2285 ¹,
823 2251 932 2275 secus
960 2240 1010 2275 M
1018 2240 1087 2276 CT
1115 2243 1128 2284 11
1162 2244 1205 2275 19
1231 2240 1323 2276 fidei
1349 2240 1483 2283 catho-,

89 2287 190 2325 licae
216 2293 284 2325 aut
309 2289 427 2325 delere
454 2291 523 2324 aut
548 2292 635 2334 post
666 2287 926 2334 disputatores
959 2293 1201 2334 transponere
1232 2290 1341 2325 malit
1366 2289 1479 2326 Luet·

83 2337 235 2383 Johawn
270 2338 283 2383 11
320 2340 368 2373 20
394 2348 611 2373 maxumam
642 2336 877 2382 Wouweren,
917 2348 1137 2372 maxumum
1163 2337 1198 2371 L
1229 2342 1264 2374 et
1296 2339 1405 2383 (corr.
1438 2339 1482 2373 in

92 2396 270 2421 maxume
295 2385 436 2431 N¹)N‚
461 2383 626 2420 maxime
652 2384 781 2421 MOT
797 2387 809 2431 11
835 2390 880 2421 22
909 2396 1023 2430 quam
1050 2385 1278 2431 NVMC'T,
1306 2397 1383 2431 qua
1409 2386 1445 2422 L

93 2437 142 2470 24
166 2434 311 2481 minae]
339 2446 391 2470 αη
417 2432 642 2469 machinae?
668 2434 714 2478 cf.
746 2434 871 2480 Quint.
894 2434 970 2479 XI,
990 2437 1025 2479 1,
1044 2435 1124 2479 4411
