1592 2612
133 116 220 159 262
678 111 884 150 CARMEN
910 112 956 150 v.

255 217 412 257 horruit
442 215 724 269 Hippomenes,
757 214 883 255 multo
917 214 987 266 qui
1019 205 1195 265 caespite
1227 212 1328 253 circi

255 281 486 329 contemptu
517 278 764 328 praemissus
796 279 894 328 erat,
927 286 1019 314 cum
1051 268 1227 313 carceris
1259 277 1374 313 antro

161 346 228 379 170
255 339 419 378 emicuit
449 337 591 390 pernix
623 335 772 389 populo
804 334 1030 388 trepidante
1063 334 1212 388 virago,

253 397 311 438 nil
341 402 424 438 toto
456 402 610 437 tactura
642 396 779 450 gradu,
813 408 904 436 cum
936 394 1108 448 pallidus
1140 393 1208 434 ille

253 459 474 511 respiceret
504 457 682 497 medium
713 461 805 509 post
837 468 879 496 se
913 455 1151 496 decrescere
1183 466 1370 508 campum

253 523 293 558 et
323 518 461 570 longas
493 518 541 558 ad
575 519 688 570 signa
720 519 803 557 vias
836 516 1011 569 flatuque
1044 516 1272 569 propinquo

251 590 416 631 pressus
449 579 490 618 in
522 578 659 618 hostili
691 579 769 617 iam
802 581 986 618 curreret
1017 577 1160 616 anxius
1191 574 1346 630 umbra,

163 646 230 679 175
257 638 383 678 donec
416 638 464 678 ad
496 638 719 679 anfractum
751 643 882 678 metae
914 639 995 677 iam
1027 638 1187 689 iamque
1218 635 1386 677 relictus

257 700 411 739 concita
442 704 505 739 ter
538 711 676 751 sparso
710 699 830 751 fregit
861 699 1029 751 vestigia
1060 709 1192 750 pomo.
1358 731 1360 734 .

256 761 325 812 qui
356 759 464 799 videt
494 759 601 799 hunc
634 761 824 814 equitem,
855 758 1058 799 Ledaeum
1090 758 1248 811 spernit
1279 756 1485 798 alumnum

253 832 298 860 ac
329 821 527 873 iuvenem,
560 819 824 874 Sthenoboea,
856 824 983 873 tuum,
1016 820 1083 859 cui
1114 823 1227 871 terga
1258 822 1437 859 vetustas

251 881 415 933 pennati
445 879 614 933 largitur
646 882 740 933 equi
771 879 1014 934 Lyciamque
1047 878 1299 920 Chimaeram

161 948 228 981 180
256 953 373 993 quem
407 953 619 993 superasse
652 941 789 995 refert,
821 940 965 981 vulnus
999 952 1091 980 cum
1123 938 1286 980 sustulit
1317 951 1442 979 unum

253 1006 335 1040 tres
368 1002 531 1041 animas.
594 1002 715 1041 vitam
747 1006 832 1042 tum
866 1002 901 1041 si
931 1000 1008 1040 tibi
1039 1000 1118 1040 fata
1150 999 1370 1054 dedissent,

249 1060 464 1101 Maioriane
498 1061 624 1116 ferox,
653 1063 852 1102 vetuisses
884 1061 1050 1102 Castora
1082 1061 1231 1113 frenos,
1275 1071 1277 1073 ’

249 1120 452 1161 Pollucem
485 1127 654 1176 caestus,
685 1122 876 1162 Alconem
909 1121 1063 1175 spicula
1094 1133 1228 1175 nosse,

251 1181 555 1222 Bellerofonteis
587 1183 854 1223 insultaturus
887 1184 1043 1235 opimis.

159 1250 226 1283 185
255 1243 289 1281 si
322 1241 496 1294 clipeum
528 1244 669 1298 capiat,
700 1245 825 1284 vincit
856 1242 1071 1283 Telamone
1104 1246 1297 1295 creatum,

254 1303 323 1354 qui
353 1315 507 1355 puppes
539 1305 645 1343 inter
677 1303 815 1344 Graias
850 1308 988 1344 contra
1019 1302 1205 1343 Hectoris
1237 1303 1374 1354 ignem

254 1363 381 1414 ipsam
415 1364 534 1402 etiam
566 1364 680 1404 infidi
712 1364 882 1404 classem
914 1363 1095 1404 defendit
1124 1362 1264 1403 Ulixis.

251 1422 403 1462 missile
437 1425 472 1463 si
505 1429 652 1476 quanto
684 1424 881 1465 iaculetur
912 1424 1092 1478 pondere
1125 1424 1299 1477 quaeris,

253 1484 415 1535 segnius
447 1485 622 1525 insertae
655 1485 862 1538 trepidans
894 1497 968 1538 pro
1002 1485 1108 1525 fasce
1142 1482 1331 1524 Camillae

157 1551 224 1583 190
252 1545 429 1584 excussit
459 1544 583 1584 telum
614 1545 809 1599 Metabus,
841 1558 916 1586 nec
948 1544 1110 1586 turbine
1141 1549 1252 1584 tanto

251 1603 418 1644 stridula
449 1604 608 1645 Pelidae
640 1619 714 1659 per
746 1606 910 1646 Troilon
943 1607 1041 1646 exiit
1073 1617 1216 1658 ornus;

250 1676 323 1703 nec
357 1666 413 1704 sic
445 1665 614 1705 heroum
645 1666 870 1707 tardantem
901 1666 1020 1707 busta
1053 1666 1269 1706 Creontem

250 1724 404 1764 Atticus
436 1725 606 1777 Aegides
638 1728 747 1779 rupit
778 1726 1053 1767 Marathonide
1087 1737 1258 1779 quercu3

250 1796 324 1823 nec
357 1786 414 1824 sic
447 1787 641 1826 intortum
672 1787 840 1827 violatae
873 1786 1108 1827 Phoebados
1141 1785 1266 1826 ultrix

158 1851 224 1884 195
252 1844 293 1882 in
325 1843 478 1885 Danaos
512 1846 662 1886 fulmen
695 1849 800 1901 iecit,
835 1860 925 1888 cum
958 1846 1125 1887 Graecia
1156 1846 1300 1886 Troiae

252 1909 409 1944 noctem
441 1905 580 1946 hahuit
614 1907 866 1960 similemque
899 1908 1027 1948 facem
1059 1908 1244 1959 fixusque
1277 1905 1436 1946 Caferei

251 1964 433 2004 cautibus
466 1967 571 2006 inter
603 1980 726 2020 aquas
759 1968 959 2008 flammam
991 1967 1175 2008 ructabat
1207 1965 1355 2006 Oileus.

250 2037 370 2076 parva
390 2024 543 2077 loquor.
595 2028 689 2079 quid
717 2029 835 2082 quod,
863 2030 1050 2081 quotiens
1076 2027 1151 2067 tibi
1176 2026 1279 2066 bella
1300 2030 1509 2078 geruntur,

251 2084 487 2139 discipulus,
520 2099 599 2126 non
631 2088 748 2128 miles
782 2086 926 2129 adest?
959 2094 999 2128 et
1031 2089 1146 2140 fingit
1178 2087 1400 2127 alumnum:

154 2151 224 2184 200
251 2145 431 2185 aemulus
464 2152 626 2187 econtra
658 2154 823 2201 spectat.
888 2149 992 2201 quod
1026 2150 1183 2201 viceris,
1217 2147 1301 2187 odit

230 2299 297 2331 169
325 2298 545 2342 contempto
574 2299 701 2343 CTF,
729 2301 906 2335 contento
934 2301 971 2335 P
998 2303 1010 2347 ΙΙ
1043 2304 1113 2336 180
1140 2298 1313 2346 sustulit]
1343 2296 1510 2344 subripit

128 2344 390 2439 gln’MfflllSCipst
417 2344 601 2382 TbOPF
618 2350 630 2393 {l
653 2351 720 2383 194
746 2347 910 2384 viciatae
932 2349 997 2394 M,·
1022 2349 1068 2394 cf.
1089 2360 1119 2385 c.
1147 2348 1237 2393 VH,
1257 2350 1305 2384 62
1324 2348 1336 2392 ΙΙ
1359 2350 1426 2382 199
1453 2346 1508 2393 et]
