1592 2612
148 109 237 153 306
694 105 898 143 CARMEN
922 105 985 142 XI.

808 252 860 295 X.

148 338 428 375 PRAEFATIO
454 335 779 373 EPITHALAMII
804 334 939 370 DICTI
963 334 1165 371 RURICIO
1192 334 1257 370 ΕΤ
1280 334 1528 375 HIBERIAE.

238 414 477 456 Flucticolae
511 425 602 454 cum
634 413 736 453 festa
767 425 894 452 nurus
926 412 1125 466 Pagasaea
1156 425 1230 466 per
1261 417 1376 454 antra

327 487 426 527 rupe
460 473 533 513 sub
565 473 748 513 Emathia
779 472 919 513 Pelion
953 473 1165 527 explicuit,

238 534 473 588 angustabat
504 534 670 574 humum
704 546 895 586 superum
929 536 1026 574 satis
1060 533 1191 587 ampla
1224 534 1426 590 supellex3

328 594 534 636 certabant
567 596 674 646 gazis
705 594 800 634 hinc
831 593 948 647 polus
979 595 1075 635 hinc
1106 594 1290 650 pelagus,

190 666 210 697 5
239 656 487 708 ducebatque
521 655 664 695 choros
697 655 817 694 viridi
847 667 973 708 prope
1005 660 1137 696 tectus
1170 657 1320 696 amictu

327 715 533 756 caeruleae
565 715 692 767 pallae
726 714 915 755 concolor
947 717 1034 768 ipse
1068 728 1201 770 socer3

235 777 408 830 nympha
441 788 599 828 quoque
637 777 679 815 in
711 775 907 815 thalamos
945 778 1112 817 veniens
1146 776 1194 816 de
1228 778 1386 830 gurgite
1419 777 1527 818 nuda

324 838 458 877 vestiti
491 837 624 888 coepit
656 835 837 876 membra
868 838 1014 891 timere
1046 839 1133 877 viri.

233 902 319 938 tum
352 897 487 936 divum
520 897 764 949 quicumque
797 896 934 937 aderat
965 902 1121 938 terrore
1155 902 1309 938 remoto

165 966 207 998 10
326 970 403 1010 quo
437 957 526 1009 quis
560 956 734 1009 pollebat
765 956 862 997 lusit
893 959 936 997 in
969 958 1113 998 officio.

233 1018 413 1070 Iuppiter
445 1018 580 1057 emisit
610 1018 792 1070 tepidum
825 1019 912 1058 sine
945 1018 1124 1071 pondere
1157 1018 1308 1059 fulmen

326 1082 365 1118 et
398 1078 515 1117 dixit:
550 1074 710 1118 ‘melius
743 1090 850 1118 nunc
883 1078 1078 1131 Cytherea
1111 1075 1240 1120 calet.'

233 1138 372 1178 Pollux
404 1142 490 1178 tum
523 1143 659 1178 caestu
691 1138 892 1193 laudatus,
926 1138 1067 1179 Castor
1098 1139 1284 1194 habeniS,

326 1198 451 1238 Pallas
484 1202 570 1237 tum
603 1200 757 1253 cristis,
790 1199 901 1240 Delia
933 1204 1019 1240 tum
1050 1200 1269 1254 pharetris3

163 1267 206 1299 15
233 1258 391 1298 Alcides
425 1258 548 1311 clava,
582 1259 737 1299 Mavors
769 1264 855 1299 tum
887 1259 985 1300 lusit
1016 1261 1059 1300 in
1090 1261 1221 1314 hasta,

323 1318 445 1358 Arcas
477 1323 563 1358 tum
596 1321 723 1373 virga,
755 1320 924 1360 nebride
956 1326 1042 1361 tum
1074 1320 1271 1361 Bromius.

231 1379 297 1419 hic
330 1384 370 1418 et
400 1378 598 1431 Pipliadas
631 1380 844 1421 induxerat
876 1382 1052 1434 optimus
1086 1380 1271 1434 Orpheus

322 1439 501 1493 chordis,
533 1452 648 1493 voce,
680 1452 819 1495 manu,
853 1441 1118 1496 carminibus,
1151 1441 1326 1482 calamis.

233 1499 469 1539 ambitiosus
500 1499 655 1552 Hymen
687 1505 791 1541 totas
823 1501 880 1541 ibi
913 1502 1083 1543 contulit
1114 1507 1239 1556 artes3

160 1568 206 1600 20
324 1561 392 1612 qui
424 1572 505 1599 non
536 1562 715 1615 ingenio,
748 1562 831 1602 fors
862 1561 1014 1615 placuit
1045 1564 1174 1615 genio.

231 1619 481 1660 Fescennina
512 1625 647 1660 tamen
679 1634 760 1661 non
794 1630 888 1662 sunt
920 1623 1111 1678 admissa,
1143 1625 1380 1676 priusquam

321 1681 497 1720 intonuit
530 1681 645 1721 solita
676 1687 814 1722 noster
845 1683 984 1736 Apollo
1017 1683 1112 1737 lyra.

789 1836 863 1879 XI.

629 1917 1022 1956 EPITHALAMIUM.

258 1991 368 2032 Inter
401 1993 595 2047 Cyaneas,
627 1994 835 2047 Ephyraea
868 1999 1092 2052 cacumina,
1126 2002 1261 2038 cautes

259 2065 336 2104 qua
369 2065 490 2105 super
522 2053 689 2094 Idalium
722 2054 824 2095 levat
856 2055 1068 2111 Orithyion
1100 2059 1143 2097 in
1176 2057 1356 2098 aethram

258 2114 369 2152 exesi
401 2113 481 2153 sale
515 2116 663 2154 montis
697 2128 815 2169 apeX,
848 2117 918 2156 ubi
950 2118 1053 2158 forte
1086 2122 1295 2170 vagantem

209 2181 229 2213 5
258 2179 375 2226 atque
409 2179 685 2214 recurrentem
717 2181 942 2217 ructantem
975 2179 1023 2218 ad
1055 2191 1175 2218 rauca
1207 2177 1392 2232 Maleam,

233 2288 267 2324 X
290 2292 332 2324 17
359 2288 558 2335 Pipliadas
572 2290 833 2337 LuetJohanm
858 2293 1058 2338 pepliadas
1079 2295 1182 2331 codd.
1203 2295 1215 2340 ΙΙ
1234 2293 1287 2330 ΧΙ
1307 2297 1327 2329 2
1349 2292 1516 2329 orithion

133 2337 237 2374 codd.
270 2338 282 2383 ΙΙ
312 2349 344 2374 v.
368 2340 390 2373 5
415 2337 638 2375 Buechelero
665 2341 840 2376 suadente
866 2345 952 2377 ame
977 2354 1008 2378 v.
1031 2345 1054 2378 4
1073 2344 1187 2389 posui
1215 2343 1219 2388 Ι
1253 2346 1273 2379 5
1299 2343 1516 2378 ructantem

132 2397 212 2434 eqo,
235 2386 428 2421 ructatum
454 2387 556 2424 codd.
581 2387 586 2434 Ι
608 2399 635 2424 r.
664 2388 731 2435 M.]
759 2388 889 2426 aurica
914 2390 1017 2426 mala
1043 2401 1127 2426 eam
1154 2390 1221 2438 Fu
