1592 2612
296 121 525 165 SIDONIUS
551 121 865 159 CONSTANTIO
893 120 987 158 SUO
1014 120 1257 158 SALUTEM.
1386 119 1470 162 171

695 244 860 288 XVIII.

299 326 527 370 SIDONIUS
554 327 864 364 CONSTANTIO
892 327 985 364 SUO
1013 327 1256 364 SALUTEM.

179 403 217 446 1.
249 405 282 446 Α
313 411 359 446 te
404 407 724 459 principium,
766 405 858 446 tibi
903 405 1109 445 desinet.
1173 417 1266 445 nam
1299 406 1472 458 petitum

82 467 271 507 misimus
304 478 405 520 opus
438 467 585 519 raptim
630 466 771 507 electis
814 465 1132 519 exemplaribus,
1175 478 1277 519 quae
1311 465 1361 506 ob
1394 465 1470 506 hoc

80 528 126 567 in
157 539 301 567 manus
333 539 460 580 pauca
492 532 703 581 venerunt,
737 528 830 580 quia
854 526 956 566 mihi
981 526 1039 566 nil
1072 526 1121 566 de
1148 526 1275 566 libelli
1299 526 1469 566 huiusce

79 588 384 641 conscriptione
416 587 629 628 meditanti
667 587 863 628 hactenus
895 587 1140 627 incustodita
1173 592 1383 640 nequeunt
1408 588 1470 627 in·
1508 601 1525 627 5

82 649 224 689 veniri.
270 660 366 689 sane
400 650 476 688 ista
509 661 654 702 pauca,
687 661 788 701 quae
821 648 985 700 quidem
1019 653 1059 688 et
1085 647 1187 688 levia
1220 652 1332 701 sunt,
1365 647 1470 688 cele-

81 710 184 749 riter
215 708 386 763 absolvi,
431 721 674 762 quamquam
707 710 897 749 incitatus
937 708 1062 748 semel
1103 710 1262 748 animus
1294 708 1471 748 necdum

79 770 324 823 scripturire
357 769 581 823 desineret,
620 782 785 810 servans
827 769 903 809 hoc
936 768 1076 809 sedulo
1109 781 1237 821 genus
1270 774 1470 822 tempera-

82 831 228 884 menti,
272 834 318 870 ut
358 830 624 883 epistularum
665 830 963 883 produceretur
1007 834 1161 883 textus,
1204 831 1240 869 si
1271 842 1468 869 numerus

80 890 347 931 breviaretur.
409 889 450 932 2.
501 892 655 944 pariter
695 896 736 931 et
780 891 921 931 censui
965 889 1133 944 librum,
1179 903 1301 943 quem
1341 890 1470 930 lector
1491 903 1526 929 ιο

78 951 396 992 delicatissimus
439 951 713 1005 desiderares,
764 956 806 991 et
850 952 948 991 satis
991 950 1167 991 habilem
1212 963 1287 991 nec
1325 963 1470 1003 parum

77 1011 355 1052 excusabilem
381 1012 480 1066 fore,
507 1013 555 1066 si,
581 1013 771 1065 quoniam
798 1016 838 1052 te
866 1024 1063 1052 sensuum
1089 1016 1468 1064 structurarumque

79 1071 222 1113 levitas
265 1077 425 1125 poterat
472 1073 699 1127 offendere,
749 1071 1077 1112 membranarum
1128 1077 1238 1112 certe
1290 1071 1469 1112 fascibus

78 1134 214 1174 minus
241 1145 469 1174 onerarere.
490 1133 729 1173 commendo
755 1134 880 1186 igitur
905 1135 1038 1173 varios
1065 1133 1216 1173 iudicio
1242 1138 1311 1173 tuo
1338 1134 1470 1173 nostri

76 1195 257 1247 pectoris
289 1199 436 1248 motus,
467 1195 635 1234 minime
667 1195 851 1247 ignarus,
885 1193 991 1246 quod
1025 1195 1080 1234 ita
1111 1206 1227 1234 mens
1259 1198 1394 1246 pateat
1426 1194 1468 1233 in
1491 1207 1525 1233 15

79 1253 184 1295 libro
217 1253 327 1295 velut
357 1254 491 1295 vultus
524 1256 567 1295 in
600 1254 776 1308 speculo.
810 1254 956 1294 dictavi
989 1256 1098 1294 enim
1131 1255 1344 1307 quaepiam
1374 1254 1468 1294 hor-

78 1315 222 1369 tando,
266 1314 464 1356 laudando
505 1315 680 1368 plurima
722 1320 762 1355 et
806 1315 938 1367 aliqua
981 1315 1205 1369 suadendo,
1249 1315 1468 1355 maerendo

79 1387 206 1428 pauca
237 1375 487 1428 iocandoque
514 1375 718 1416 nonnulla.
763 1374 802 1416 3.
836 1380 876 1415 et
902 1377 937 1415 si
963 1388 1026 1415 me
1047 1377 1205 1428 uspiam
1238 1375 1469 1416 lectitavisti

78 1437 123 1476 in
155 1435 313 1488 aliquos
345 1437 664 1490 concitatiorem,
697 1437 800 1476 scias
834 1435 922 1475 volo
957 1435 1108 1476 Christi
1139 1436 1304 1476 dextera
1337 1437 1469 1489 opitu-

79 1496 187 1536 lante
219 1508 440 1549 numquam
472 1509 537 1536 me
563 1496 831 1536 toleraturum
857 1497 981 1536 animi
1008 1497 1257 1550 servitutem,
1283 1509 1467 1549 comper·
1488 1510 1524 1536 20

75 1558 282 1597 tissimum
319 1561 464 1597 tenens
507 1556 740 1610 bipertitam
780 1569 903 1609 super
940 1556 1004 1596 his
1043 1556 1225 1597 moribus
1257 1557 1469 1597 hominum

76 1629 170 1658 esse
202 1629 430 1658 censuram.
493 1629 587 1657 nam
631 1622 677 1657 ut
707 1616 841 1657 timidi
872 1629 936 1656 me
969 1618 1251 1670 temerarium,
1284 1618 1340 1657 ita
1374 1630 1467 1657 con-

77 1683 233 1719 stantes
284 1677 459 1718 liberum
501 1677 714 1730 appellant.
761 1679 869 1717 inter
902 1689 1003 1729 quae
1038 1678 1124 1729 ipse
1159 1677 1334 1717 decerno
1368 1679 1466 1717 satis

78 1738 188 1779 illius
228 1740 361 1779 iacere
402 1751 638 1792 personam,
683 1739 799 1778 cuius
841 1750 1010 1777 necesse
1052 1742 1115 1777 est
1146 1736 1271 1777 latere
1305 1742 1466 1778 senten-

0 1816 5 1820 ⁷
74 1801 186 1840 tiam.
250 1797 290 1840 4.
348 1799 397 1840 ad
438 1800 694 1852 propositum
735 1798 869 1838 redeo,
912 1799 1067 1838 interea
1111 1803 1176 1851 tu,
1228 1799 1263 1838 si
1306 1798 1403 1850 quid
1445 1810 1466 1837 a
1487 1810 1522 1837 25

75 1859 263 1901 lectionis
297 1872 433 1900 sacrae
472 1861 773 1901 continuatione
805 1860 1001 1912 respiras,
1045 1858 1109 1898 his
1154 1858 1293 1898 licebit
1334 1859 1466 1898 neniis

75 1933 256 1961 avocere.
299 1933 374 1961 nec
419 1921 540 1961 faciet
580 1921 748 1960 materia
790 1924 835 1960 ut
873 1921 1069 1959 immensa
1103 1919 1327 1972 fastidium,
1361 1920 1466 1972 quia,

74 1993 171 2022 cum
203 1980 384 2034 singulae
417 1993 562 2021 causae
595 1980 765 2033 singulis
792 1980 918 2020 ferme
945 1978 1130 2032 epistulis
1157 1980 1360 2032 finiantur,
1386 1980 1466 2019 cito

0 2051 8 2093 ξ
77 2043 251 2094 cognitis
294 2043 336 2082 in
379 2054 480 2094 quae
523 2041 683 2081 oculum
726 2040 950 2081 intenderis
993 2045 1084 2080 ante
1118 2039 1251 2091 legere
1285 2038 1465 2079 cessabis

0 2098 16 2154 Ξ
73 2114 199 2155 quam
231 2102 423 2143 lecturire
458 2102 643 2142 desistas.
689 2101 787 2141 vale.
1484 2113 1520 2140 30

175 2198 196 2230 2
222 2195 337 2240 Verg.
359 2194 427 2230 ecl.
448 2193 549 2239 VIII,
572 2196 627 2229 11.

0 2253 9 2286 tf
174 2247 196 2278 3
223 2243 356 2279 electis
383 2243 471 2278 LN
477 2242 524 2288 T,
558 2241 711 2277 relectis
743 2241 836 2277 VM
844 2241 874 2277 C
906 2243 918 2286 Η
958 2244 978 2275 9
1000 2244 1086 2286 post
1117 2238 1370 2285 epistularum
1398 2239 1463 2287 ley.

74 2302 154 2327 non
178 2293 222 2328 in
248 2291 300 2337 F,
325 2304 353 2328 s.
376 2292 397 2327 l.
421 2291 506 2327 add.
534 2291 577 2326 in
597 2290 648 2325 M
651 2291 659 2310 ¹
679 2291 692 2335 ΙΙ
712 2293 757 2325 26
784 2290 873 2326 inde
898 2290 944 2325 ab
971 2288 1030 2323 his
1057 2287 1191 2323 licebit
1217 2289 1321 2334 epist.
1343 2288 1465 2324 exitus

0 2337 15 2387 «ᾗ
77 2351 145 2376 om.
172 2341 216 2376 in
242 2340 330 2376 LN
340 2341 431 2384 VT,
462 2340 606 2385 partim
632 2339 675 2374 in
705 2349 779 2375 ras.
802 2339 945 2384 partim
971 2338 1014 2372 in
1039 2349 1155 2383 τηατ-9.
1183 2336 1269 2372 add.
1298 2337 1341 2372 in
1366 2336 1429 2372 Μι
1453 2336 1456 2382 ζ
