<?xml version="1.0" encoding="UTF-8"?>
<!DOCTYPE html PUBLIC "-//W3C//DTD XHTML 1.0 Transitional//EN"
    "http://www.w3.org/TR/xhtml1/DTD/xhtml1-transitional.dtd">
<html xmlns="http://www.w3.org/1999/xhtml" xml:lang="en" lang="en">
 <head>
  <title>
</title>
<meta http-equiv="Content-Type" content="text/html;charset=utf-8" />
  <meta name='ocr-system' content='tesseract 3.04.00' />
  <meta name='ocr-capabilities' content='ocr_page ocr_carea ocr_par ocr_line ocrx_word'/>
</head>
<body>
  <div class='ocr_page' id='page_1' title='image "./csolliusapollina00sidouoft_0142.png"; bbox 0 0 1592 2612; ppageno 0'>
   <div class='ocr_carea' id='block_1_1' title="bbox 141 117 1029 169">
    <p class='ocr_par' dir='ltr' id='par_1_1' title="bbox 141 117 1029 169">
     <span class='ocr_line' id='line_1_1' title="bbox 141 117 1029 169; baseline -0.002 -13"><span class='ocrx_word' id='word_1_1' title='bbox 141 125 199 169; x_wconf 87' lang='lat'><strong>90</strong></span> <span class='ocrx_word' id='word_1_2' title='bbox 615 119 760 157; x_wconf 59' lang='lat' dir='ltr'>121ssssss</span> <span class='ocrx_word' id='word_1_3' title='bbox 787 117 1029 164; x_wconf 76' lang='lat' dir='ltr'><strong>QUARTUS</strong></span> 
     </span>
    </p>
   </div>
   <div class='ocr_carea' id='block_1_2' title="bbox 78 218 1558 1171">
    <p class='ocr_par' dir='ltr' id='par_1_2' title="bbox 138 218 1518 460">
     <span class='ocr_line' id='line_1_2' title="bbox 139 218 1518 290; baseline -0.007 -23"><span class='ocrx_word' id='word_1_4' title='bbox 139 228 271 280; x_wconf 88' lang='lat' dir='ltr'><strong>gentia</strong></span> <span class='ocrx_word' id='word_1_5' title='bbox 303 225 435 278; x_wconf 84' lang='lat' dir='ltr'><strong>faetet,</strong></span> <span class='ocrx_word' id='word_1_6' title='bbox 467 225 547 263; x_wconf 87' lang='lat' dir='ltr'><strong>iam</strong></span> <span class='ocrx_word' id='word_1_7' title='bbox 577 227 712 263; x_wconf 88' lang='lat' dir='ltr'><strong>tamen</strong></span> <span class='ocrx_word' id='word_1_8' title='bbox 742 220 844 262; x_wconf 89' lang='lat' dir='ltr'>nihil</span> <span class='ocrx_word' id='word_1_9' title='bbox 876 219 926 262; x_wconf 90' lang='lat' dir='ltr'><strong>de</strong></span> <span class='ocrx_word' id='word_1_10' title='bbox 959 218 1148 290; x_wconf 84' lang='lat' dir='ltr'><strong>superbia</strong></span> <span class='ocrx_word' id='word_1_11' title='bbox 1179 223 1322 273; x_wconf 72' lang='lat' dir='ltr'><strong>tumet,</strong></span> <span class='ocrx_word' id='word_1_12' title='bbox 1353 218 1518 259; x_wconf 82' lang='lat' dir='ltr'><strong>noveris</strong></span> 
     </span>
     <span class='ocr_line' id='line_1_3' title="bbox 138 277 1516 340; baseline -0.007 -13"><span class='ocrx_word' id='word_1_13' title='bbox 138 287 226 327; x_wconf 94' lang='lat' dir='ltr'><strong>volo</strong></span> <span class='ocrx_word' id='word_1_14' title='bbox 252 298 344 340; x_wconf 84' lang='lat' dir='ltr'><strong>non,</strong></span> <span class='ocrx_word' id='word_1_15' title='bbox 369 290 414 325; x_wconf 87' lang='lat' dir='ltr'><strong>ut</strong></span> <span class='ocrx_word' id='word_1_16' title='bbox 440 289 500 324; x_wconf 90' lang='lat' dir='ltr'><strong>est</strong></span> <span class='ocrx_word' id='word_1_17' title='bbox 520 283 625 336; x_wconf 90' lang='lat' dir='ltr'><strong>apud</strong></span> <span class='ocrx_word' id='word_1_18' title='bbox 644 281 872 335; x_wconf 84' lang='lat' dir='ltr'>praesulem</span> <span class='ocrx_word' id='word_1_19' title='bbox 898 281 989 335; x_wconf 85' lang='lat' dir='ltr'><strong>fori,</strong></span> <span class='ocrx_word' id='word_1_20' title='bbox 1016 282 1075 321; x_wconf 89' lang='lat' dir='ltr'><strong>sic</strong></span> <span class='ocrx_word' id='word_1_21' title='bbox 1100 292 1191 321; x_wconf 90' lang='lat' dir='ltr'><strong>esse</strong></span> <span class='ocrx_word' id='word_1_22' title='bbox 1212 279 1318 333; x_wconf 91' lang='lat' dir='ltr'><strong>apud</strong></span> <span class='ocrx_word' id='word_1_23' title='bbox 1338 277 1516 320; x_wconf 88' lang='lat' dir='ltr'><strong>iudicem</strong></span> 
     </span>
     <span class='ocr_line' id='line_1_4' title="bbox 138 338 1514 397; baseline -0.005 -10"><span class='ocrx_word' id='word_1_24' title='bbox 138 346 287 388; x_wconf 90' lang='lat' dir='ltr'><strong>mundi</strong></span> <span class='ocrx_word' id='word_1_25' title='bbox 338 357 509 397; x_wconf 91' lang='lat' dir='ltr'><strong>namque</strong></span> <span class='ocrx_word' id='word_1_26' title='bbox 541 348 587 384; x_wconf 85' lang='lat' dir='ltr'><strong>ut</strong></span> <span class='ocrx_word' id='word_1_27' title='bbox 618 345 665 397; x_wconf 86' lang='lat' dir='ltr'><strong>is,</strong></span> <span class='ocrx_word' id='word_1_28' title='bbox 699 344 769 396; x_wconf 91' lang='lat' dir='ltr'><strong>qui</strong></span> <span class='ocrx_word' id='word_1_29' title='bbox 799 343 964 395; x_wconf 89' lang='lat' dir='ltr'><strong>propria</strong></span> <span class='ocrx_word' id='word_1_30' title='bbox 995 341 1109 381; x_wconf 89' lang='lat' dir='ltr'><strong>vobis</strong></span> <span class='ocrx_word' id='word_1_31' title='bbox 1135 353 1217 381; x_wconf 92' lang='lat' dir='ltr'><strong>non</strong></span> <span class='ocrx_word' id='word_1_32' title='bbox 1242 340 1416 381; x_wconf 82' lang='lat' dir='ltr'><strong>tacuerit</strong></span> <span class='ocrx_word' id='word_1_33' title='bbox 1442 338 1514 380; x_wconf 84' lang='lat' dir='ltr'><strong>ssa·</strong></span> 
     </span>
     <span class='ocr_line' id='line_1_5' title="bbox 138 401 1515 461; baseline -0.005 -14"><span class='ocrx_word' id='word_1_34' title='bbox 138 409 250 461; x_wconf 84' lang='lat' dir='ltr'><strong>gitia,</strong></span> <span class='ocrx_word' id='word_1_35' title='bbox 283 406 509 459; x_wconf 87' lang='lat' dir='ltr'><strong>damnatur,</strong></span> <span class='ocrx_word' id='word_1_36' title='bbox 548 405 604 444; x_wconf 88' lang='lat' dir='ltr'><strong>ita</strong></span> <span class='ocrx_word' id='word_1_37' title='bbox 635 403 847 444; x_wconf 90' lang='lat' dir='ltr'><strong>nobiscum</strong></span> <span class='ocrx_word' id='word_1_38' title='bbox 881 404 950 456; x_wconf 90' lang='lat' dir='ltr'><strong>qui</strong></span> <span class='ocrx_word' id='word_1_39' title='bbox 983 402 1124 442; x_wconf 89' lang='lat' dir='ltr'><strong>eadem</strong></span> <span class='ocrx_word' id='word_1_40' title='bbox 1156 401 1231 442; x_wconf 92' lang='lat' dir='ltr'><strong>deo</strong></span> <span class='ocrx_word' id='word_1_41' title='bbox 1264 401 1388 442; x_wconf 86' lang='lat' dir='ltr'><strong>fuerit</strong></span> <span class='ocrx_word' id='word_1_42' title='bbox 1419 411 1515 441; x_wconf 86' lang='lat' dir='ltr'><strong>con—</strong></span> 
     </span>
    </p>

    <p class='ocr_par' dir='ltr' id='par_1_3' title="bbox 99 459 1515 760">
     <span class='ocr_line' id='line_1_6' title="bbox 99 459 1513 521; baseline -0.005 -13"><span class='ocrx_word' id='word_1_43' title='bbox 99 477 116 503; x_wconf 85' lang='lat'><strong>5</strong></span> <span class='ocrx_word' id='word_1_44' title='bbox 136 468 278 521; x_wconf 83' lang='lat' dir='ltr'><strong>fessus,</strong></span> <span class='ocrx_word' id='word_1_45' title='bbox 311 465 539 506; x_wconf 85' lang='lat' dir='ltr'><strong>absolvitur.</strong></span> <span class='ocrx_word' id='word_1_46' title='bbox 584 464 691 504; x_wconf 90' lang='lat' dir='ltr'><strong>unde</strong></span> <span class='ocrx_word' id='word_1_47' title='bbox 717 463 870 517; x_wconf 89' lang='lat' dir='ltr'><strong>liquido</strong></span> <span class='ocrx_word' id='word_1_48' title='bbox 895 467 1006 516; x_wconf 84' lang='lat' dir='ltr'><strong>patet</strong></span> <span class='ocrx_word' id='word_1_49' title='bbox 1031 464 1253 515; x_wconf 83' lang='lat' dir='ltr'><strong>incongrue</strong></span> <span class='ocrx_word' id='word_1_50' title='bbox 1280 474 1303 502; x_wconf 92' lang='lat' dir='ltr'><strong>a</strong></span> <span class='ocrx_word' id='word_1_51' title='bbox 1327 459 1513 515; x_wconf 86' lang='lat' dir='ltr'><strong>partibus</strong></span> 
     </span>
     <span class='ocr_line' id='line_1_7' title="bbox 135 521 1514 578; baseline -0.003 -12"><span class='ocrx_word' id='word_1_52' title='bbox 135 528 279 568; x_wconf 86' lang='lat' dir='ltr'><strong>vestris</strong></span> <span class='ocrx_word' id='word_1_53' title='bbox 317 527 437 566; x_wconf 91' lang='lat' dir='ltr'><strong>nimis</strong></span> <span class='ocrx_word' id='word_1_54' title='bbox 470 537 585 565; x_wconf 87' lang='lat' dir='ltr'><strong>reum</strong></span> <span class='ocrx_word' id='word_1_55' title='bbox 616 525 891 578; x_wconf 87' lang='lat' dir='ltr'><strong>pronuntiari,</strong></span> <span class='ocrx_word' id='word_1_56' title='bbox 930 525 1046 564; x_wconf 92' lang='lat' dir='ltr'><strong>cuius</strong></span> <span class='ocrx_word' id='word_1_57' title='bbox 1080 535 1200 564; x_wconf 91' lang='lat' dir='ltr'><strong>causa</strong></span> <span class='ocrx_word' id='word_1_58' title='bbox 1231 521 1323 576; x_wconf 93' lang='lat' dir='ltr'><strong>plus</strong></span> <span class='ocrx_word' id='word_1_59' title='bbox 1357 525 1514 575; x_wconf 88' lang='lat' dir='ltr'><strong>spectat</strong></span> 
     </span>
     <span class='ocr_line' id='line_1_8' title="bbox 135 581 1515 638; baseline -0.004 -10"><span class='ocrx_word' id='word_1_60' title='bbox 135 587 309 628; x_wconf 84' lang='lat' dir='ltr'><strong>tribunal</strong></span> <span class='ocrx_word' id='word_1_61' title='bbox 354 586 539 626; x_wconf 90' lang='lat' dir='ltr'><strong>alienum.</strong></span> <span class='ocrx_word' id='word_1_62' title='bbox 601 582 642 626; x_wconf 89' lang='lat'><strong>4.</strong></span> <span class='ocrx_word' id='word_1_63' title='bbox 682 589 927 638; x_wconf 89' lang='lat' dir='ltr'><strong>quapropter</strong></span> <span class='ocrx_word' id='word_1_64' title='bbox 972 585 1252 624; x_wconf 82' lang='lat' dir='ltr'><strong>imminentem</strong></span> <span class='ocrx_word' id='word_1_65' title='bbox 1291 581 1515 636; x_wconf 84' lang='lat' dir='ltr'><strong>querellam</strong></span> 
     </span>
     <span class='ocr_line' id='line_1_9' title="bbox 134 643 1514 699; baseline -0.004 -11"><span class='ocrx_word' id='word_1_66' title='bbox 134 649 262 688; x_wconf 81' lang='lat' dir='ltr'><strong>nostri</strong></span> <span class='ocrx_word' id='word_1_67' title='bbox 294 647 442 687; x_wconf 90' lang='lat' dir='ltr'><strong>doloris</strong></span> <span class='ocrx_word' id='word_1_68' title='bbox 475 658 729 699; x_wconf 83' lang='lat' dir='ltr'><strong>nequaquam</strong></span> <span class='ocrx_word' id='word_1_69' title='bbox 760 644 911 686; x_wconf 85' lang='lat' dir='ltr'><strong>valebis</strong></span> <span class='ocrx_word' id='word_1_70' title='bbox 937 644 1109 685; x_wconf 87' lang='lat' dir='ltr'><strong>ulterius</strong></span> <span class='ocrx_word' id='word_1_71' title='bbox 1145 643 1374 699; x_wconf 84' lang='lat' dir='ltr'><strong>effundere,</strong></span> <span class='ocrx_word' id='word_1_72' title='bbox 1407 643 1514 697; x_wconf 90' lang='lat' dir='ltr'><strong>quia,</strong></span> 
     </span>
     <span class='ocr_line' id='line_1_10' title="bbox 135 703 1514 760; baseline -0.003 -12"><span class='ocrx_word' id='word_1_73' title='bbox 135 707 442 748; x_wconf 88' lang='lat' dir='ltr'><strong>succedentibus</strong></span> <span class='ocrx_word' id='word_1_74' title='bbox 474 708 682 760; x_wconf 88' lang='lat' dir='ltr'><strong>prosperis</strong></span> <span class='ocrx_word' id='word_1_75' title='bbox 715 707 796 746; x_wconf 91' lang='lat' dir='ltr'><strong>sive</strong></span> <span class='ocrx_word' id='word_1_76' title='bbox 824 705 1062 746; x_wconf 85' lang='lat' dir='ltr'><strong>obliviscare</strong></span> <span class='ocrx_word' id='word_1_77' title='bbox 1097 717 1170 746; x_wconf 91' lang='lat' dir='ltr'><strong>seu</strong></span> <span class='ocrx_word' id='word_1_78' title='bbox 1201 703 1391 758; x_wconf 80' lang='lat' dir='ltr'><strong>neglegas</strong></span> <span class='ocrx_word' id='word_1_79' title='bbox 1424 715 1514 756; x_wconf 84' lang='lat' dir='ltr'><strong>gra-</strong></span> 
     </span>
    </p>

    <p class='ocr_par' dir='ltr' id='par_1_4' title="bbox 80 764 1558 1063">
     <span class='ocr_line' id='line_1_11' title="bbox 80 764 1558 822; baseline -0.003 -14"><span class='ocrx_word' id='word_1_80' title='bbox 80 778 114 804; x_wconf 82' lang='grc'><strong>10</strong></span> <span class='ocrx_word' id='word_1_81' title='bbox 133 770 229 808; x_wconf 86' lang='lat' dir='ltr'><strong>tiam</strong></span> <span class='ocrx_word' id='word_1_82' title='bbox 273 769 495 822; x_wconf 89' lang='lat' dir='ltr'><strong>antiquam,</strong></span> <span class='ocrx_word' id='word_1_83' title='bbox 540 769 650 807; x_wconf 88' lang='lat' dir='ltr'><strong>iuxta</strong></span> <span class='ocrx_word' id='word_1_84' title='bbox 694 771 757 807; x_wconf 89' lang='lat' dir='ltr'><strong>est</strong></span> <span class='ocrx_word' id='word_1_85' title='bbox 800 765 1002 807; x_wconf 91' lang='lat' dir='ltr'><strong>acerbum.</strong></span> <span class='ocrx_word' id='word_1_86' title='bbox 1070 765 1260 820; x_wconf 84' lang='lat' dir='ltr'><strong>proinde,</strong></span> <span class='ocrx_word' id='word_1_87' title='bbox 1306 766 1341 805; x_wconf 88' lang='lat' dir='ltr'><strong>si</strong></span> <span class='ocrx_word' id='word_1_88' title='bbox 1379 764 1516 805; x_wconf 86' lang='lat' dir='ltr'><strong>futura</strong></span> <span class='ocrx_word' id='word_1_89' title='bbox 1553 765 1558 770; x_wconf 82' lang='lat'><strong><em>&#39;</em></strong></span> 
     </span>
     <span class='ocr_line' id='line_1_12' title="bbox 131 823 1516 882; baseline -0.004 -13"><span class='ocrx_word' id='word_1_90' title='bbox 131 830 264 881; x_wconf 87' lang='lat' dir='ltr'><strong>magni</strong></span> <span class='ocrx_word' id='word_1_91' title='bbox 302 829 499 882; x_wconf 77' lang='lat' dir='ltr'><strong>pensitas,</strong></span> <span class='ocrx_word' id='word_1_92' title='bbox 538 827 670 867; x_wconf 83' lang='lat' dir='ltr'><strong>scribe</strong></span> <span class='ocrx_word' id='word_1_93' title='bbox 704 826 871 881; x_wconf 87' lang='lat' dir='ltr'><strong>clerico,</strong></span> <span class='ocrx_word' id='word_1_94' title='bbox 911 828 947 867; x_wconf 89' lang='lat' dir='ltr'><strong>si</strong></span> <span class='ocrx_word' id='word_1_95' title='bbox 979 827 1228 881; x_wconf 86' lang='lat' dir='ltr'><strong>praesentia,</strong></span> <span class='ocrx_word' id='word_1_96' title='bbox 1267 824 1400 866; x_wconf 86' lang='lat' dir='ltr'><strong>scribe</strong></span> <span class='ocrx_word' id='word_1_97' title='bbox 1433 823 1516 865; x_wconf 91' lang='lat' dir='ltr'><strong>col-</strong></span> 
     </span>
     <span class='ocr_line' id='line_1_13' title="bbox 131 884 1514 944; baseline -0.002 -15"><span class='ocrx_word' id='word_1_98' title='bbox 131 889 261 944; x_wconf 85' lang='lat' dir='ltr'><strong>legae3</strong></span> <span class='ocrx_word' id='word_1_99' title='bbox 294 894 334 929; x_wconf 86' lang='lat' dir='ltr'><strong>et</strong></span> <span class='ocrx_word' id='word_1_100' title='bbox 358 889 460 928; x_wconf 88' lang='lat' dir='ltr'><strong>hanc</strong></span> <span class='ocrx_word' id='word_1_101' title='bbox 487 890 529 928; x_wconf 89' lang='lat' dir='ltr'><strong>in</strong></span> <span class='ocrx_word' id='word_1_102' title='bbox 555 893 593 928; x_wconf 89' lang='lat' dir='ltr'><strong>te</strong></span> <span class='ocrx_word' id='word_1_103' title='bbox 620 889 708 941; x_wconf 87' lang='lat' dir='ltr'><strong>ipse</strong></span> <span class='ocrx_word' id='word_1_104' title='bbox 734 889 938 941; x_wconf 88' lang='lat' dir='ltr'><strong>virtutem,</strong></span> <span class='ocrx_word' id='word_1_105' title='bbox 972 889 1007 928; x_wconf 92' lang='lat' dir='ltr'><strong>si</strong></span> <span class='ocrx_word' id='word_1_106' title='bbox 1032 886 1228 928; x_wconf 89' lang='lat' dir='ltr'><strong>naturalis</strong></span> <span class='ocrx_word' id='word_1_107' title='bbox 1255 891 1330 941; x_wconf 89' lang='lat' dir='ltr'><strong>est,</strong></span> <span class='ocrx_word' id='word_1_108' title='bbox 1362 884 1514 940; x_wconf 88' lang='lat' dir='ltr'><strong>excole,</strong></span> 
     </span>
     <span class='ocr_line' id='line_1_14' title="bbox 132 947 1515 1003; baseline -0.002 -14"><span class='ocrx_word' id='word_1_109' title='bbox 132 951 166 989; x_wconf 90' lang='lat' dir='ltr'><strong>si</strong></span> <span class='ocrx_word' id='word_1_110' title='bbox 197 951 343 1003; x_wconf 86' lang='lat' dir='ltr'><strong>minus,</strong></span> <span class='ocrx_word' id='word_1_111' title='bbox 374 954 420 989; x_wconf 93' lang='lat' dir='ltr'><strong>ut</strong></span> <span class='ocrx_word' id='word_1_112' title='bbox 451 950 670 989; x_wconf 83' lang='lat' dir='ltr'><strong>insiticiam</strong></span> <span class='ocrx_word' id='word_1_113' title='bbox 696 961 864 1003; x_wconf 89' lang='lat' dir='ltr'><strong>appone,</strong></span> <span class='ocrx_word' id='word_1_114' title='bbox 899 960 977 1001; x_wconf 89' lang='lat' dir='ltr'><strong>qua</strong></span> <span class='ocrx_word' id='word_1_115' title='bbox 1005 947 1162 988; x_wconf 89' lang='lat' dir='ltr'><strong>sodales</strong></span> <span class='ocrx_word' id='word_1_116' title='bbox 1188 951 1369 988; x_wconf 86' lang='lat' dir='ltr'><strong>vetustos</strong></span> <span class='ocrx_word' id='word_1_117' title='bbox 1395 957 1515 987; x_wconf 83' lang='lat' dir='ltr'><strong>num·</strong></span> 
     </span>
     <span class='ocr_line' id='line_1_15' title="bbox 131 1008 1513 1063; baseline -0.002 -13"><span class='ocrx_word' id='word_1_118' title='bbox 131 1022 249 1062; x_wconf 88' lang='lat' dir='ltr'><strong>quam</strong></span> <span class='ocrx_word' id='word_1_119' title='bbox 286 1022 359 1063; x_wconf 89' lang='lat' dir='ltr'><strong>pro</strong></span> <span class='ocrx_word' id='word_1_120' title='bbox 399 1014 718 1062; x_wconf 88' lang='lat' dir='ltr'><strong>consequentum</strong></span> <span class='ocrx_word' id='word_1_121' title='bbox 755 1010 931 1049; x_wconf 88' lang='lat' dir='ltr'><strong>novitate</strong></span> <span class='ocrx_word' id='word_1_122' title='bbox 964 1008 1158 1049; x_wconf 86' lang='lat' dir='ltr'><strong>fastidias.</strong></span> <span class='ocrx_word' id='word_1_123' title='bbox 1221 1019 1343 1061; x_wconf 87' lang='lat' dir='ltr'><strong>porro</strong></span> <span class='ocrx_word' id='word_1_124' title='bbox 1376 1011 1513 1047; x_wconf 90' lang='lat' dir='ltr'><strong>autem</strong></span> 
     </span>
    </p>

    <p class='ocr_par' dir='ltr' id='par_1_5' title="bbox 78 1067 1512 1171">
     <span class='ocr_line' id='line_1_16' title="bbox 78 1067 1512 1123; baseline -0.001 -13"><span class='ocrx_word' id='word_1_125' title='bbox 78 1079 111 1105; x_wconf 83' lang='lat'><strong>15</strong></span> <span class='ocrx_word' id='word_1_126' title='bbox 130 1070 316 1110; x_wconf 87' lang='lat' dir='ltr'><strong>videbere</strong></span> <span class='ocrx_word' id='word_1_127' title='bbox 345 1071 402 1110; x_wconf 88' lang='lat' dir='ltr'><strong>sic</strong></span> <span class='ocrx_word' id='word_1_128' title='bbox 428 1071 567 1110; x_wconf 88' lang='lat' dir='ltr'><strong>amicis</strong></span> <span class='ocrx_word' id='word_1_129' title='bbox 593 1071 653 1110; x_wconf 88' lang='lat' dir='ltr'><strong>uti</strong></span> <span class='ocrx_word' id='word_1_130' title='bbox 679 1071 795 1122; x_wconf 86' lang='lat' dir='ltr'><strong>quasi</strong></span> <span class='ocrx_word' id='word_1_131' title='bbox 822 1068 1005 1123; x_wconf 85' lang='lat' dir='ltr'><strong>floribus,</strong></span> <span class='ocrx_word' id='word_1_132' title='bbox 1037 1068 1192 1109; x_wconf 89' lang='lat' dir='ltr'><strong>tamdiu</strong></span> <span class='ocrx_word' id='word_1_133' title='bbox 1217 1069 1355 1122; x_wconf 87' lang='lat' dir='ltr'><strong>gratis,</strong></span> <span class='ocrx_word' id='word_1_134' title='bbox 1382 1067 1512 1108; x_wconf 85' lang='lat' dir='ltr'><strong>donec</strong></span> 
     </span>
     <span class='ocr_line' id='line_1_17' title="bbox 131 1130 519 1171; baseline 0 -1"><span class='ocrx_word' id='word_1_135' title='bbox 131 1130 372 1171; x_wconf 86' lang='lat' dir='ltr'><strong>recentibus.</strong></span> <span class='ocrx_word' id='word_1_136' title='bbox 423 1130 519 1170; x_wconf 87' lang='lat' dir='ltr'><strong>vale.</strong></span> 
     </span>
    </p>
   </div>
   <div class='ocr_carea' id='block_1_3' title="bbox 390 1259 1253 1380">
    <p class='ocr_par' dir='ltr' id='par_1_6' title="bbox 390 1259 1253 1380">
     <span class='ocr_line' id='line_1_18' title="bbox 769 1259 864 1303; baseline 0 0"><span class='ocrx_word' id='word_1_137' title='bbox 769 1259 864 1303; x_wconf 91' lang='lat' dir='ltr'><strong>XV.</strong></span> 
     </span>
     <span class='ocr_line' id='line_1_19' title="bbox 390 1341 1253 1380; baseline 0.001 -2"><span class='ocrx_word' id='word_1_138' title='bbox 390 1342 616 1380; x_wconf 85' lang='lat' dir='ltr'>SIDONIUS</span> <span class='ocrx_word' id='word_1_139' title='bbox 641 1343 858 1380; x_wconf 87' lang='lat' dir='ltr'><strong>ELAPHIO</strong></span> <span class='ocrx_word' id='word_1_140' title='bbox 887 1342 980 1379; x_wconf 87' lang='lat' dir='ltr'><strong>SUO</strong></span> <span class='ocrx_word' id='word_1_141' title='bbox 1008 1341 1253 1379; x_wconf 85' lang='lat' dir='ltr'><strong>SALUTEM.</strong></span> 
     </span>
    </p>
   </div>
   <div class='ocr_carea' id='block_1_4' title="bbox 78 1417 1514 2259">
    <p class='ocr_par' dir='ltr' id='par_1_7' title="bbox 78 1417 1514 2259">
     <span class='ocr_line' id='line_1_20' title="bbox 224 1417 1514 1474; baseline -0.001 -15"><span class='ocrx_word' id='word_1_142' title='bbox 224 1417 260 1460; x_wconf 90' lang='lat'><strong>1.</strong></span> <span class='ocrx_word' id='word_1_143' title='bbox 299 1419 469 1473; x_wconf 89' lang='lat' dir='ltr'><strong>Epulum</strong></span> <span class='ocrx_word' id='word_1_144' title='bbox 502 1420 712 1474; x_wconf 87' lang='lat' dir='ltr'><strong>multiplex</strong></span> <span class='ocrx_word' id='word_1_145' title='bbox 745 1426 785 1461; x_wconf 88' lang='lat' dir='ltr'><strong>et</strong></span> <span class='ocrx_word' id='word_1_146' title='bbox 817 1422 1080 1474; x_wconf 89' lang='lat' dir='ltr'><strong>capacissima</strong></span> <span class='ocrx_word' id='word_1_147' title='bbox 1112 1419 1363 1460; x_wconf 87' lang='lat' dir='ltr'><strong>lectisternia</strong></span> <span class='ocrx_word' id='word_1_148' title='bbox 1394 1429 1514 1471; x_wconf 89' lang='lat' dir='ltr'><strong>para.</strong></span> 
     </span>
     <span class='ocr_line' id='line_1_21' title="bbox 131 1476 1512 1537; baseline -0.001 -18"><span class='ocrx_word' id='word_1_149' title='bbox 131 1480 314 1532; x_wconf 89' lang='lat' dir='ltr'><strong>plurimis</strong></span> <span class='ocrx_word' id='word_1_150' title='bbox 354 1482 446 1535; x_wconf 87' lang='lat' dir='ltr'><strong>viis,</strong></span> <span class='ocrx_word' id='word_1_151' title='bbox 490 1480 675 1533; x_wconf 90' lang='lat' dir='ltr'><strong>pluribus</strong></span> <span class='ocrx_word' id='word_1_152' title='bbox 714 1481 845 1522; x_wconf 89' lang='lat' dir='ltr'><strong>turbis</strong></span> <span class='ocrx_word' id='word_1_153' title='bbox 892 1476 968 1537; x_wconf 89' lang='lat' dir='ltr'><strong>(ita</strong></span> <span class='ocrx_word' id='word_1_154' title='bbox 1006 1481 1206 1521; x_wconf 90' lang='lat' dir='ltr'><strong>bonorum</strong></span> <span class='ocrx_word' id='word_1_155' title='bbox 1245 1477 1512 1520; x_wconf 85' lang='lat' dir='ltr'><strong>contubernio</strong></span> 
     </span>
     <span class='ocr_line' id='line_1_22' title="bbox 78 1536 1514 1596; baseline -0.001 -16"><span class='ocrx_word' id='word_1_156' title='bbox 78 1548 113 1574; x_wconf 85' lang='lat'><strong>20</strong></span> <span class='ocrx_word' id='word_1_157' title='bbox 134 1536 255 1596; x_wconf 85' lang='lat' dir='ltr'><strong>sedit)</strong></span> <span class='ocrx_word' id='word_1_158' title='bbox 295 1540 342 1580; x_wconf 89' lang='lat' dir='ltr'><strong>ad</strong></span> <span class='ocrx_word' id='word_1_159' title='bbox 380 1546 420 1581; x_wconf 86' lang='lat' dir='ltr'><strong>te</strong></span> <span class='ocrx_word' id='word_1_160' title='bbox 457 1543 635 1596; x_wconf 89' lang='lat' dir='ltr'><strong>venitur,</strong></span> <span class='ocrx_word' id='word_1_161' title='bbox 680 1543 829 1595; x_wconf 90' lang='lat' dir='ltr'><strong>quippe</strong></span> <span class='ocrx_word' id='word_1_162' title='bbox 868 1546 1081 1595; x_wconf 90' lang='lat' dir='ltr'><strong>postquam</strong></span> <span class='ocrx_word' id='word_1_163' title='bbox 1125 1539 1312 1581; x_wconf 79' lang='lat' dir='ltr'><strong>omnibus</strong></span> <span class='ocrx_word' id='word_1_164' title='bbox 1350 1544 1514 1592; x_wconf 86' lang='lat' dir='ltr'><strong>tempus</strong></span> 
     </span>
     <span class='ocr_line' id='line_1_23' title="bbox 132 1597 1513 1655; baseline -0.001 -15"><span class='ocrx_word' id='word_1_165' title='bbox 132 1601 287 1640; x_wconf 81' lang='lat' dir='ltr'><strong>futurae</strong></span> <span class='ocrx_word' id='word_1_166' title='bbox 334 1601 598 1642; x_wconf 85' lang='lat' dir='ltr'><strong>dedicationis</strong></span> <span class='ocrx_word' id='word_1_167' title='bbox 642 1602 841 1643; x_wconf 91' lang='lat' dir='ltr'><strong>inclaruit.</strong></span> <span class='ocrx_word' id='word_1_168' title='bbox 911 1615 1004 1643; x_wconf 91' lang='lat' dir='ltr'><strong>nam</strong></span> <span class='ocrx_word' id='word_1_169' title='bbox 1049 1602 1352 1655; x_wconf 87' lang='lat' dir='ltr'><strong>baptisterium,</strong></span> <span class='ocrx_word' id='word_1_170' title='bbox 1404 1597 1513 1652; x_wconf 92' lang='lat' dir='ltr'><strong>quod</strong></span> 
     </span>
     <span class='ocr_line' id='line_1_24' title="bbox 132 1658 1512 1717; baseline 0 -17"><span class='ocrx_word' id='word_1_171' title='bbox 132 1660 227 1700; x_wconf 91' lang='lat' dir='ltr'><strong>olim</strong></span> <span class='ocrx_word' id='word_1_172' title='bbox 270 1661 592 1717; x_wconf 87' lang='lat' dir='ltr'><strong>fabricabamini,</strong></span> <span class='ocrx_word' id='word_1_173' title='bbox 637 1662 815 1703; x_wconf 84' lang='lat' dir='ltr'><strong>scribitis</strong></span> <span class='ocrx_word' id='word_1_174' title='bbox 859 1675 979 1716; x_wconf 87' lang='lat' dir='ltr'><strong>posse</strong></span> <span class='ocrx_word' id='word_1_175' title='bbox 1024 1664 1104 1703; x_wconf 91' lang='lat' dir='ltr'><strong>iam</strong></span> <span class='ocrx_word' id='word_1_176' title='bbox 1149 1661 1391 1703; x_wconf 85' lang='lat' dir='ltr'><strong>consecrari.</strong></span> <span class='ocrx_word' id='word_1_177' title='bbox 1461 1658 1512 1700; x_wconf 90' lang='lat' dir='ltr'><strong>ad</strong></span> 
     </span>
     <span class='ocr_line' id='line_1_25' title="bbox 132 1720 1512 1778; baseline -0.001 -16"><span class='ocrx_word' id='word_1_178' title='bbox 132 1734 232 1774; x_wconf 88' lang='lat' dir='ltr'><strong>quae</strong></span> <span class='ocrx_word' id='word_1_179' title='bbox 265 1722 365 1762; x_wconf 86' lang='lat' dir='ltr'><strong>festa</strong></span> <span class='ocrx_word' id='word_1_180' title='bbox 390 1734 459 1762; x_wconf 89' lang='lat' dir='ltr'><strong>vos</strong></span> <span class='ocrx_word' id='word_1_181' title='bbox 485 1724 569 1762; x_wconf 89' lang='lat' dir='ltr'><strong>voti</strong></span> <span class='ocrx_word' id='word_1_182' title='bbox 593 1735 667 1763; x_wconf 92' lang='lat' dir='ltr'><strong>nos</strong></span> <span class='ocrx_word' id='word_1_183' title='bbox 693 1725 924 1778; x_wconf 90' lang='lat' dir='ltr'><strong>ministerii,</strong></span> <span class='ocrx_word' id='word_1_184' title='bbox 958 1724 1083 1764; x_wconf 86' lang='lat' dir='ltr'><strong>officii</strong></span> <span class='ocrx_word' id='word_1_185' title='bbox 1108 1722 1257 1763; x_wconf 85' lang='lat' dir='ltr'><strong>multos</strong></span> <span class='ocrx_word' id='word_1_186' title='bbox 1283 1720 1379 1762; x_wconf 88' lang='lat' dir='ltr'><strong>fidei</strong></span> <span class='ocrx_word' id='word_1_187' title='bbox 1404 1724 1512 1761; x_wconf 91' lang='lat' dir='ltr'><strong>totos</strong></span> 
     </span>
     <span class='ocr_line' id='line_1_26' title="bbox 132 1781 1511 1837; baseline -0.001 -16"><span class='ocrx_word' id='word_1_188' title='bbox 132 1794 249 1822; x_wconf 87' lang='lat' dir='ltr'><strong>causa</strong></span> <span class='ocrx_word' id='word_1_189' title='bbox 283 1781 486 1837; x_wconf 82' lang='lat' dir='ltr'><strong>sollicitat3</strong></span> <span class='ocrx_word' id='word_1_190' title='bbox 520 1783 720 1835; x_wconf 90' lang='lat' dir='ltr'><strong>siquidem</strong></span> <span class='ocrx_word' id='word_1_191' title='bbox 752 1796 819 1824; x_wconf 91' lang='lat' dir='ltr'><strong>res</strong></span> <span class='ocrx_word' id='word_1_192' title='bbox 845 1789 908 1824; x_wconf 88' lang='lat' dir='ltr'><strong>est</strong></span> <span class='ocrx_word' id='word_1_193' title='bbox 939 1784 1103 1837; x_wconf 90' lang='lat' dir='ltr'><strong>grandis</strong></span> <span class='ocrx_word' id='word_1_194' title='bbox 1134 1781 1309 1836; x_wconf 86' lang='lat' dir='ltr'><strong>exempli</strong></span> <span class='ocrx_word' id='word_1_195' title='bbox 1334 1794 1382 1823; x_wconf 90' lang='lat' dir='ltr'><strong>eo</strong></span> <span class='ocrx_word' id='word_1_196' title='bbox 1409 1785 1511 1821; x_wconf 92' lang='lat' dir='ltr'><strong>tem—</strong></span> 
     </span>
     <span class='ocr_line' id='line_1_27' title="bbox 78 1840 1510 1899; baseline 0 -18"><span class='ocrx_word' id='word_1_197' title='bbox 78 1847 112 1874; x_wconf 87' lang='lat'><strong>25</strong></span> <span class='ocrx_word' id='word_1_198' title='bbox 131 1854 227 1894; x_wconf 90' lang='lat' dir='ltr'><strong>pore</strong></span> <span class='ocrx_word' id='word_1_199' title='bbox 255 1855 275 1881; x_wconf 85' lang='lat' dir='ltr'><strong>a</strong></span> <span class='ocrx_word' id='word_1_200' title='bbox 301 1842 414 1882; x_wconf 91' lang='lat' dir='ltr'><strong>vobis</strong></span> <span class='ocrx_word' id='word_1_201' title='bbox 440 1855 541 1883; x_wconf 92' lang='lat' dir='ltr'><strong>nova</strong></span> <span class='ocrx_word' id='word_1_202' title='bbox 568 1843 832 1884; x_wconf 89' lang='lat' dir='ltr'><strong>ecclesiarum</strong></span> <span class='ocrx_word' id='word_1_203' title='bbox 858 1844 1033 1885; x_wconf 88' lang='lat' dir='ltr'><strong>culmina</strong></span> <span class='ocrx_word' id='word_1_204' title='bbox 1062 1845 1177 1899; x_wconf 91' lang='lat' dir='ltr'><strong>strui,</strong></span> <span class='ocrx_word' id='word_1_205' title='bbox 1210 1856 1288 1897; x_wconf 92' lang='lat' dir='ltr'><strong>quo</strong></span> <span class='ocrx_word' id='word_1_206' title='bbox 1315 1844 1381 1883; x_wconf 87' lang='lat' dir='ltr'><strong>vix</strong></span> <span class='ocrx_word' id='word_1_207' title='bbox 1407 1840 1510 1882; x_wconf 88' lang='lat' dir='ltr'><strong>alius</strong></span> 
     </span>
     <span class='ocr_line' id='line_1_28' title="bbox 132 1901 1510 1959; baseline -0.001 -16"><span class='ocrx_word' id='word_1_208' title='bbox 132 1902 297 1943; x_wconf 85' lang='lat' dir='ltr'><strong>auderet</strong></span> <span class='ocrx_word' id='word_1_209' title='bbox 327 1908 484 1943; x_wconf 85' lang='lat' dir='ltr'><strong>vetusta</strong></span> <span class='ocrx_word' id='word_1_210' title='bbox 517 1905 679 1944; x_wconf 87' lang='lat' dir='ltr'><strong>sarcire.</strong></span> <span class='ocrx_word' id='word_1_211' title='bbox 743 1902 782 1944; x_wconf 83' lang='lat'><strong>2.</strong></span> <span class='ocrx_word' id='word_1_212' title='bbox 817 1905 925 1957; x_wconf 92' lang='lat' dir='ltr'><strong>quod</strong></span> <span class='ocrx_word' id='word_1_213' title='bbox 958 1910 1096 1959; x_wconf 85' lang='lat' dir='ltr'><strong>restat,</strong></span> <span class='ocrx_word' id='word_1_214' title='bbox 1128 1909 1326 1959; x_wconf 86' lang='lat' dir='ltr'><strong>optamuS,</strong></span> <span class='ocrx_word' id='word_1_215' title='bbox 1357 1907 1403 1944; x_wconf 91' lang='lat' dir='ltr'><strong>ut</strong></span> <span class='ocrx_word' id='word_1_216' title='bbox 1434 1901 1510 1942; x_wconf 93' lang='lat' dir='ltr'><strong>deo</strong></span> 
     </span>
     <span class='ocr_line' id='line_1_29' title="bbox 131 1961 1512 2020; baseline 0.001 -19"><span class='ocrx_word' id='word_1_217' title='bbox 131 1967 268 2002; x_wconf 86' lang='lat' dir='ltr'><strong>nostro</strong></span> <span class='ocrx_word' id='word_1_218' title='bbox 300 1975 373 2015; x_wconf 88' lang='lat' dir='ltr'><strong>per</strong></span> <span class='ocrx_word' id='word_1_219' title='bbox 404 1962 551 2003; x_wconf 87' lang='lat' dir='ltr'><strong>uberes</strong></span> <span class='ocrx_word' id='word_1_220' title='bbox 584 1976 722 2018; x_wconf 91' lang='lat' dir='ltr'><strong>annos,</strong></span> <span class='ocrx_word' id='word_1_221' title='bbox 756 1966 861 2004; x_wconf 87' lang='lat' dir='ltr'><strong>sicut</strong></span> <span class='ocrx_word' id='word_1_222' title='bbox 892 1970 981 2005; x_wconf 85' lang='lat' dir='ltr'><strong>vota</strong></span> <span class='ocrx_word' id='word_1_223' title='bbox 1007 1965 1191 2020; x_wconf 88' lang='lat' dir='ltr'><strong>redditis,</strong></span> <span class='ocrx_word' id='word_1_224' title='bbox 1223 1966 1280 2005; x_wconf 88' lang='lat' dir='ltr'><strong>ita</strong></span> <span class='ocrx_word' id='word_1_225' title='bbox 1305 1961 1512 2004; x_wconf 89' lang='lat' dir='ltr'><strong>reddenda</strong></span> 
     </span>
     <span class='ocr_line' id='line_1_30' title="bbox 131 2023 1511 2078; baseline 0.001 -17"><span class='ocrx_word' id='word_1_226' title='bbox 131 2024 316 2076; x_wconf 82' lang='lat' dir='ltr'><strong>voveatis,</strong></span> <span class='ocrx_word' id='word_1_227' title='bbox 349 2023 470 2075; x_wconf 90' lang='lat' dir='ltr'><strong>idque</strong></span> <span class='ocrx_word' id='word_1_228' title='bbox 503 2036 584 2063; x_wconf 91' lang='lat' dir='ltr'><strong>non</strong></span> <span class='ocrx_word' id='word_1_229' title='bbox 617 2023 746 2064; x_wconf 93' lang='lat' dir='ltr'><strong>solum</strong></span> <span class='ocrx_word' id='word_1_230' title='bbox 778 2024 973 2078; x_wconf 86' lang='lat' dir='ltr'><strong>religione</strong></span> <span class='ocrx_word' id='word_1_231' title='bbox 1007 2025 1134 2066; x_wconf 88' lang='lat' dir='ltr'><strong>celata</strong></span> <span class='ocrx_word' id='word_1_232' title='bbox 1166 2025 1238 2066; x_wconf 87' lang='lat' dir='ltr'><strong>sed</strong></span> <span class='ocrx_word' id='word_1_233' title='bbox 1271 2029 1311 2065; x_wconf 89' lang='lat' dir='ltr'><strong>et</strong></span> <span class='ocrx_word' id='word_1_234' title='bbox 1343 2035 1511 2065; x_wconf 88' lang='lat' dir='ltr'><strong>conver-</strong></span> 
     </span>
     <span class='ocr_line' id='line_1_31' title="bbox 134 2083 1510 2138; baseline 0.001 -17"><span class='ocrx_word' id='word_1_235' title='bbox 134 2083 244 2122; x_wconf 89' lang='lat' dir='ltr'><strong>sione</strong></span> <span class='ocrx_word' id='word_1_236' title='bbox 271 2083 499 2137; x_wconf 83' lang='lat' dir='ltr'><strong>manifesta3</strong></span> <span class='ocrx_word' id='word_1_237' title='bbox 526 2086 786 2137; x_wconf 86' lang='lat' dir='ltr'><strong>mitigatoque</strong></span> <span class='ocrx_word' id='word_1_238' title='bbox 813 2090 1041 2138; x_wconf 89' lang='lat' dir='ltr'><strong>temporum</strong></span> <span class='ocrx_word' id='word_1_239' title='bbox 1066 2090 1173 2127; x_wconf 85' lang='lat' dir='ltr'><strong>statu</strong></span> <span class='ocrx_word' id='word_1_240' title='bbox 1197 2091 1280 2126; x_wconf 88' lang='lat' dir='ltr'><strong>tam</strong></span> <span class='ocrx_word' id='word_1_241' title='bbox 1306 2084 1510 2126; x_wconf 86' lang='lat' dir='ltr'><strong>desiderio</strong></span> 
     </span>
     <span class='ocr_line' id='line_1_32' title="bbox 78 2142 1512 2201; baseline 0.001 -20"><span class='ocrx_word' id='word_1_242' title='bbox 78 2146 112 2171; x_wconf 81' lang='lat'><strong>30</strong></span> <span class='ocrx_word' id='word_1_243' title='bbox 133 2154 221 2181; x_wconf 91' lang='lat' dir='ltr'><strong>meo</strong></span> <span class='ocrx_word' id='word_1_244' title='bbox 254 2142 436 2183; x_wconf 88' lang='lat' dir='ltr'><strong>Christus</strong></span> <span class='ocrx_word' id='word_1_245' title='bbox 475 2144 680 2197; x_wconf 85' lang='lat' dir='ltr'><strong>indulgeat</strong></span> <span class='ocrx_word' id='word_1_246' title='bbox 718 2157 838 2197; x_wconf 87' lang='lat' dir='ltr'><strong>quam</strong></span> <span class='ocrx_word' id='word_1_247' title='bbox 869 2145 1142 2201; x_wconf 88' lang='lat' dir='ltr'><strong>Rutenorum,</strong></span> <span class='ocrx_word' id='word_1_248' title='bbox 1182 2152 1228 2187; x_wconf 92' lang='lat' dir='ltr'><strong>ut</strong></span> <span class='ocrx_word' id='word_1_249' title='bbox 1264 2146 1432 2199; x_wconf 86' lang='lat' dir='ltr'><strong>possitis</strong></span> <span class='ocrx_word' id='word_1_250' title='bbox 1470 2147 1512 2184; x_wconf 90' lang='lat' dir='ltr'><strong>et</strong></span> 
     </span>
     <span class='ocr_line' id='line_1_33' title="bbox 132 2201 1511 2259; baseline 0.003 -19"><span class='ocrx_word' id='word_1_251' title='bbox 132 2214 204 2254; x_wconf 88' lang='lat' dir='ltr'><strong>pro</strong></span> <span class='ocrx_word' id='word_1_252' title='bbox 231 2201 311 2242; x_wconf 91' lang='lat' dir='ltr'><strong>illis</strong></span> <span class='ocrx_word' id='word_1_253' title='bbox 338 2203 481 2244; x_wconf 82' lang='lat' dir='ltr'><strong>offerre</strong></span> <span class='ocrx_word' id='word_1_254' title='bbox 509 2205 718 2252; x_wconf 87' lang='lat' dir='ltr'><strong>sacrificia,</strong></span> <span class='ocrx_word' id='word_1_255' title='bbox 748 2207 815 2258; x_wconf 91' lang='lat' dir='ltr'><strong>qui</strong></span> <span class='ocrx_word' id='word_1_256' title='bbox 844 2207 923 2246; x_wconf 91' lang='lat' dir='ltr'><strong>iam</strong></span> <span class='ocrx_word' id='word_1_257' title='bbox 948 2219 1021 2259; x_wconf 92' lang='lat' dir='ltr'><strong>pro</strong></span> <span class='ocrx_word' id='word_1_258' title='bbox 1042 2207 1155 2247; x_wconf 91' lang='lat' dir='ltr'><strong>vobis</strong></span> <span class='ocrx_word' id='word_1_259' title='bbox 1183 2207 1337 2247; x_wconf 84' lang='lat' dir='ltr'><strong>offertis</strong></span> <span class='ocrx_word' id='word_1_260' title='bbox 1357 2204 1511 2246; x_wconf 87' lang='lat' dir='ltr'><strong>altaria.</strong></span> 
     </span>
    </p>
   </div>
   <div class='ocr_carea' id='block_1_5' title="bbox 135 2353 1511 2454">
    <p class='ocr_par' dir='ltr' id='par_1_8' title="bbox 135 2353 1511 2454">
     <span class='ocr_line' id='line_1_34' title="bbox 229 2353 1464 2405; baseline 0.004 -17"><span class='ocrx_word' id='word_1_261' title='bbox 229 2357 250 2389; x_wconf 78' lang='lat'><strong>2</strong></span> <span class='ocrx_word' id='word_1_262' title='bbox 276 2353 367 2401; x_wconf 87' lang='lat' dir='ltr'><strong>fori]</strong></span> <span class='ocrx_word' id='word_1_263' title='bbox 393 2354 468 2390; x_wconf 88' lang='lat' dir='ltr'><strong>feci</strong></span> <span class='ocrx_word' id='word_1_264' title='bbox 494 2356 529 2391; x_wconf 89' lang='lat' dir='ltr'><strong><em>L</em></strong></span> <span class='ocrx_word' id='word_1_265' title='bbox 566 2358 578 2403; x_wconf 78' lang='grc' dir='ltr'><strong>ΙΙ</strong></span> <span class='ocrx_word' id='word_1_266' title='bbox 616 2360 638 2392; x_wconf 93' lang='grc'>8</span> <span class='ocrx_word' id='word_1_267' title='bbox 664 2356 865 2393; x_wconf 88' lang='lat' dir='ltr'><strong>refundere</strong></span> <span class='ocrx_word' id='word_1_268' title='bbox 897 2358 1162 2404; x_wconf 75' lang='lat' dir='ltr'><strong>Wilamowitz,</strong></span> <span class='ocrx_word' id='word_1_269' title='bbox 1194 2358 1362 2405; x_wconf 83' lang='lat' dir='ltr'><strong>effugere</strong></span> <span class='ocrx_word' id='word_1_270' title='bbox 1387 2356 1464 2394; x_wconf 86' lang='lat' dir='ltr'><strong>Leo</strong></span> 
     </span>
     <span class='ocr_line' id='line_1_35' title="bbox 135 2356 1511 2454; baseline 0.004 -16"><span class='ocrx_word' id='word_1_271' title='bbox 135 2407 177 2438; x_wconf 84' lang='grc'><strong>17</strong></span> <span class='ocrx_word' id='word_1_272' title='bbox 204 2403 315 2439; x_wconf 79' lang='lat' dir='ltr'><strong>inser</strong></span> <span class='ocrx_word' id='word_1_273' title='bbox 341 2414 409 2439; x_wconf 86' lang='lat' dir='ltr'><strong>om.</strong></span> <span class='ocrx_word' id='word_1_274' title='bbox 430 2404 466 2439; x_wconf 91' lang='lat' dir='ltr'><strong><em>L</em></strong></span> <span class='ocrx_word' id='word_1_275' title='bbox 490 2406 502 2450; x_wconf 81' lang='grc' dir='ltr'><strong>ΙΙ</strong></span> <span class='ocrx_word' id='word_1_276' title='bbox 527 2407 574 2439; x_wconf 79' lang='lat'><strong>20</strong></span> <span class='ocrx_word' id='word_1_277' title='bbox 601 2404 708 2442; x_wconf 86' lang='lat' dir='ltr'><strong>sedet</strong></span> <span class='ocrx_word' id='word_1_278' title='bbox 736 2405 789 2451; x_wconf 82' lang='lat'><strong>01</strong></span> <span class='ocrx_word' id='word_1_279' title='bbox 811 2408 1015 2452; x_wconf 82' lang='lat' dir='ltr'><strong>postquam</strong></span> <span class='ocrx_word' id='word_1_280' title='bbox 1042 2408 1131 2444; x_wconf 89' lang='lat' dir='ltr'><strong>LN</strong></span> <span class='ocrx_word' id='word_1_281' title='bbox 1139 2408 1227 2444; x_wconf 90' lang='lat' dir='ltr'><strong>VM</strong></span> <span class='ocrx_word' id='word_1_282' title='bbox 1233 2408 1274 2454; x_wconf 87' lang='lat' dir='ltr'><strong>T,</strong></span> <span class='ocrx_word' id='word_1_283' title='bbox 1302 2405 1416 2442; x_wconf 90' lang='lat' dir='ltr'><strong>simul</strong></span> <span class='ocrx_word' id='word_1_284' title='bbox 1443 2405 1477 2443; x_wconf 80' lang='lat' dir='ltr'><strong><em>G</em></strong></span> <span class='ocrx_word' id='word_1_285' title='bbox 1494 2356 1511 2453; x_wconf 66' lang='lat' dir='ltr'><strong>ll</strong></span> 
     </span>
    </p>
   </div>
  </div>
 </body>
</html>
