1592 2612
8 34 34 45 >s
63 31 70 42 J
121 34 133 45 :s
174 36 179 37 a

325 123 555 162 SIDONIUS
579 122 854 162 VINGENTIO
882 122 976 160 SUO
1003 121 1247 160 SALUTEM.
1424 123 1480 167 17

93 230 250 283 quiter,
287 230 511 281 constaret,
549 226 655 279 quod
693 227 783 279 ipse
822 226 1027 267 dictasset.
1090 232 1130 266 at
1161 226 1232 267 ubi
1265 240 1308 268 se
1341 227 1482 267 furens

95 289 164 331 ille
203 293 479 343 quantumque
512 287 675 328 caderet
712 288 879 340 ignarus
910 287 975 327 bis
1006 292 1151 340 terque
1183 289 1355 342 repetita
1386 300 1482 329 con-

95 351 275 392 fessione
293 348 521 402 transfodit,
540 347 783 388 acclamatur
803 347 852 388 ab
873 347 1189 403 accusatoribus,
1209 348 1484 390 conclamatur

94 425 120 453 a
150 409 355 452 iudicibus
385 421 502 450 reum
534 408 665 449 laesae
690 410 915 449 maiestatis
947 409 1208 450 confitentem
1239 411 1383 450 teneri.
1434 410 1481 450 ad

95 472 174 513 boc
200 476 243 512 et
265 469 432 511 milibus
457 469 724 510 formularum
750 471 853 510 iuris
878 469 919 510 id
940 471 1194 511 sancientum
1214 465 1483 523 iugulabatur.
1521 480 1539 506 5

101 531 168 574 11.
205 536 295 573 tum
331 531 495 572 demum
526 529 755 571 laboriosus
787 530 902 571 tarda
932 531 1195 583 paenitudine
1228 531 1484 584 loquacitatis

97 591 335 647 inpalluisse
367 591 618 645 perhibetur,
654 603 746 631 sero
779 604 1029 644 cognoscens
1059 604 1180 645 posse
1214 605 1330 632 reum
1362 594 1485 633 maie-

99 655 216 695 statis
246 653 504 707 pronuntiari
535 653 657 692 etiam
690 665 796 706 eum,
828 653 900 705 qui
930 665 1012 692 non
1044 652 1272 694 affectasset
1302 653 1486 694 habitum

98 718 427 769 purpuratorum.
479 713 693 753 confestim
724 712 948 766 privilegiis
980 715 1163 766 geminae
1196 714 1487 769 praefecturae,

98 787 223 829 quam
264 787 340 828 per
384 775 708 827 quinquennium
745 775 929 827 repetitis
973 774 1150 815 fascibus
1192 780 1373 829 rexerat,
1418 789 1487 816 ex-
1510 786 1543 811 ιο

100 840 320 889 auguratus
353 839 406 889 et,
437 833 621 888 plebeiae
653 833 829 874 familiae
861 846 944 874 non
969 839 1015 875 ut
1040 835 1201 875 additus
1228 835 1300 876 sed
1326 841 1371 876 ut
1396 836 1487 876 red-

100 897 225 951 dituS‚
254 894 418 950 publico
444 896 598 935 carceri
623 895 875 936 adiudicatus
902 901 975 935 est.
1027 895 1126 936 illud
1153 909 1248 936 sane
1275 909 1488 937 aerumno-

103 958 327 1010 sissimum,
354 957 476 996 sicuti
496 968 716 996 narravere
744 957 815 1008 qui
840 956 1036 1010 viderant,
1068 957 1189 1011 quod,
1221 958 1315 1010 quia
1341 970 1385 998 se
1413 957 1488 998 sub

102 1018 245 1058 atratis
283 1015 586 1057 accusatoribus
625 1022 862 1057 exornatum
903 1016 969 1057 ille
1001 1017 1253 1071 politumque
1286 1018 1489 1059 iudicibus

102 1077 314 1131 intulerat,
345 1076 464 1131 paulo
496 1082 607 1131 post,
645 1090 738 1117 cum
771 1077 991 1118 duceretur
1022 1078 1224 1133 addictus,
1256 1081 1383 1119 miser
1413 1092 1489 1120 nec
1513 1088 1545 1115 15

102 1137 348 1180 miserabilis
381 1142 479 1178 erat.
524 1139 616 1190 quis
648 1139 758 1178 enim
791 1150 916 1191 super
948 1143 1055 1179 statu
1087 1140 1176 1179 eius
1202 1141 1324 1180 nimis
1350 1140 1490 1181 inflec-

102 1204 278 1253 teretur,
320 1211 442 1252 quem
479 1198 636 1239 videret
675 1204 907 1239 accuratum
946 1199 1252 1253 delibutumque
1285 1200 1491 1246 lautumiis

108 1265 177 1300 aut
208 1258 412 1313 ergastulo
444 1256 618 1299 inferri?
670 1258 739 1300 12.
779 1259 851 1300 sed
880 1265 924 1300 et
955 1260 1105 1300 iudicio
1138 1262 1202 1301 vix
1234 1274 1309 1314 per
1340 1261 1492 1302 hebdo-

104 1320 263 1361 madam
289 1319 494 1373 duplicem
514 1320 871 1373 comperendinato
891 1322 1022 1373 capite
1042 1321 1235 1362 multatus
1256 1324 1298 1362 in
1318 1322 1493 1363 insulam

105 1382 314 1422 coniectus
347 1385 410 1420 est
436 1382 637 1433 serpentis
664 1380 870 1435 Epidauri,
901 1381 973 1422 ubi
999 1394 1129 1435 usque
1156 1382 1204 1422 ad
1232 1384 1491 1424 inimicorum
1513 1393 1548 1418 20

106 1441 287 1482 dolorem
326 1441 613 1493 devenustatus
653 1447 693 1481 et
731 1454 754 1481 a
791 1441 914 1482 rebus
953 1442 1140 1483 humanis
1179 1443 1303 1484 veluti
1339 1446 1494 1485 vomitu

106 1502 291 1542 fortunae
332 1502 565 1542 nauseantis
599 1507 794 1555 exsputus
826 1515 935 1543 nunc
968 1516 1017 1543 ex
1055 1509 1192 1544 vetere
1231 1510 1493 1545 senatuscon-

108 1561 214 1603 sulto
258 1561 474 1602 Tiberiano
524 1563 690 1614 triginta
740 1563 898 1603 dierum
949 1565 1071 1603 vitam
1114 1570 1207 1617 post
1252 1568 1495 1606 sententiam

107 1623 251 1677 trahit,
288 1635 440 1663 uncum
479 1627 519 1662 et
557 1624 764 1675 gemonias
803 1629 843 1664 et
875 1623 1064 1676 laqueum
1095 1637 1170 1677 per
1201 1625 1320 1666 horas
1352 1626 1494 1667 turbu-

110 1683 212 1724 lenti
237 1683 440 1724 carnificis
466 1682 719 1724 horrescens.
768 1682 836 1725 13.
862 1696 937 1724 nos
959 1684 1135 1739 quidem,
1160 1691 1282 1738 prout
1301 1686 1493 1741 valemus,
1514 1696 1550 1722 25

109 1743 299 1785 absentes
324 1748 643 1797 praesentesque
670 1749 760 1784 vota
787 1745 970 1798 facimus,
994 1758 1139 1798 preces
1160 1746 1495 1799 supplicationes-

109 1817 188 1858 que
228 1806 499 1858 geminamus,
537 1810 581 1844 ut
621 1802 819 1858 suspenso
858 1807 941 1845 ictu
981 1807 1061 1846 iam
1093 1807 1255 1859 iamque
1288 1810 1496 1848 mucronis

109 1866 241 1906 exerti
290 1866 420 1918 pietas
464 1865 642 1918 Augusta
693 1867 940 1906 seminecem
992 1879 1235 1919 quamquam
1279 1867 1496 1921 publicatis

110 1925 230 1966 bonis
261 1925 324 1966 vel
357 1925 479 1966 exilio
511 1931 762 1967 muneretur.
809 1926 877 1966 illo
911 1932 1058 1981 tamen,
1091 1940 1164 1968 seu
1190 1934 1398 1981 exspectat
1429 1941 1498 1969 ex-

112 2032 224 2070 (corr.
250 2030 294 2065 in
318 2028 448 2065 valide
474 2029 632 2076 Μ’)Μ,
658 2042 725 2067 om.
752 2042 807 2078 sp.
829 2035 857 2068 5-
879 2032 902 2067 Ζ.
928 2044 961 2069 υ.
989 2031 1038 2077 L,
1061 2031 1190 2067 valide
1223 2033 1259 2067 V
1286 2034 1292 2078 Ι
1323 2032 1500 2079 nequiter

112 2076 295 2122 LNTG,
333 2088 378 2113 ac
410 2077 588 2123 nequiter
620 2080 656 2115 V
677 2084 711 2116 et
741 2086 784 2123 (s.
818 2080 842 2117 l.
869 2081 957 2116 add.
984 2091 1028 2116 ae
1063 2080 1236 2125 M²JMn
1257 2085 1274 2115 1
1304 2083 1500 2118 constaret

113 2126 159 2162 N
169 2126 315 2171 VMT,
346 2138 415 2163 om.
440 2138 495 2173 sp.
517 2130 566 2163 12
592 2128 614 2163 l.
641 2140 673 2164 υ.
702 2128 750 2173 L,
777 2130 998 2164 constanter
1025 2128 1068 2171 C;
1103 2140 1335 2174 quamquam
1360 2129 1500 2167 fatenti

113 2173 290 2220 nequiter
315 2185 406 2210 sane
434 2177 610 2212 constare
636 2176 880 2221 Duetjohann
898 2181 910 2222 ΙΙ
930 2181 953 2213 4
973 2182 1060 2224 post
1084 2188 1192 2212 reum
1219 2179 1284 2225 leq.
1312 2189 1351 2214 se
1377 2180 1421 2215 in
1442 2179 1475 2216 0
1492 2180 1497 2226 Ι

113 2222 330 2259 maiestatis
343 2222 448 2259 lesae
465 2223 497 2260 C
510 2226 523 2270 ΙΙ
543 2227 564 2259 9
583 2224 895 2271 purpuratorium
912 2225 944 2262 G
958 2227 970 2271 ΙΙ
992 2230 1036 2261 10
1057 2230 1314 2271 exauguratus
1328 2227 1418 2263 LN
1422 2228 1500 2270 VT,

114 2275 327 2317 auguratus
347 2272 399 2307 M
411 2273 470 2314 (in
489 2284 607 2320 marq.
622 2272 863 2321 ss'suctoratus
885 2274 974 2319 M1),
1002 2276 1270 2310 exauctoratus
1294 2275 1326 2311 Ο
1340 2278 1352 2320 ΙΙ
1374 2279 1417 2311 18
1444 2277 1499 2324 et]

115 2320 162 2355 ut
181 2319 214 2356 0
228 2322 240 2366 ΙΙ
260 2322 307 2355 20
333 2319 523 2366 serpentis
549 2332 617 2358 om.
641 2321 674 2358 0
692 2323 697 2368 Ι
720 2322 897 2368 epidauri
922 2334 1015 2359 corr.
1043 2324 1085 2358 in
1110 2321 1302 2368 epidaurii
1320 2325 1372 2360 M
1375 2327 1395 2371 ¹,
1421 2325 1500 2371 epi-

115 2366 242 2404 daurii
265 2368 310 2452 lT
337 2368 350 2414 ΙΙ
374 2373 427 2452 ΞΖ
459 2368 541 2405 ictu
570 2380 638 2406 om.
672 2374 774 2417 8128
801 2371 823 2407 l.
851 2383 884 2408 v.
911 2371 947 2406 L
983 2374 988 2415 Ι
1022 2370 1176 2416 iamque
1206 2372 1398 2409 mucronis
1430 2385 1501 2410 om.

115 2426 170 2462 sp.
191 2419 238 2452 11
281 2446 288 2453 .
314 2429 347 2454 v.
429 2418 441 2463 ss

190 2482 420 2512 Aronmxams
441 2485 489 2511 ed.
509 2485 629 2512 Mohr.
1262 2485 1283 2517 2
