1592 2612
121 109 210 154 326
627 109 834 148 CARMEN
858 109 990 146 xvm.

738 256 878 300 XVII.

546 339 614 375 AD
640 340 686 377 V.
713 340 752 376 C.
779 339 1063 376 OMMATIUM.

214 417 411 465 Quattuor
442 422 533 457 ante
566 417 654 457 dies
688 410 805 469 quam
838 416 906 457 lux
940 416 1105 457 Sextilis
1138 416 1271 457 adusti

304 480 433 531 prima
467 478 699 530 spiciferum
732 478 911 530 proferat
943 476 1040 517 orbe
1074 482 1211 531 caput,

211 539 353 579 natalis
385 539 536 578 nostris
568 538 749 578 decimus
783 543 1001 590 sextusque
1036 537 1210 592 coletur,

299 599 471 639 adventu
502 598 598 638 felix
631 600 701 651 qui
732 600 834 651 petit
867 611 956 638 esse
990 604 1070 638 tuo.

163 667 184 700 5
211 672 291 700 non
323 659 397 699 tibi
429 661 638 711 gemmatis
670 664 873 712 ponentur
904 659 1075 712 prandia
1106 659 1280 713 mensis,

299 720 486 773 Assyrius
519 732 660 760 murex
693 732 768 760 nec
799 719 875 760 tibi
907 721 1034 772 sigma
1068 718 1195 774 dabit;

209 793 283 820 nec
314 792 387 833 per
419 779 661 833 multiplices
694 780 815 820 abaco
849 780 1086 833 splendente
1120 791 1311 820 cavernas

299 841 453 893 argenti
485 842 591 892 nigri
622 841 802 893 pondera
834 841 1058 894 defodiam3

207 913 282 941 nec
315 901 487 953 scyphus
519 901 585 941 hic
617 901 796 955 dabitur,
828 901 951 942 rutilo
985 903 1051 942 cui
1083 905 1185 941 forte
1217 900 1378 941 metallo

139 970 183 1002 10
300 966 522 1001 crustatum
555 963 725 1014 stringat
756 961 905 1002 tortilis
939 974 1035 1002 ansa
1066 961 1182 1002 latus.

208 1021 358 1062 fercula
392 1027 486 1062 sunt
517 1022 633 1061 nobis
666 1023 903 1075 mediocria,
937 1035 1018 1062 non
1051 1023 1106 1062 ita
1140 1023 1261 1074 sacta,

298 1095 511 1122 mensurae
544 1089 588 1122 ut
621 1083 783 1135 grandis
817 1082 1001 1136 suppleat
1033 1096 1099 1123 ars
1131 1083 1321 1136 pretium.

208 1155 289 1182 non
320 1155 444 1195 panes
476 1142 623 1195 Libyca
656 1143 794 1183 solitos
827 1143 1044 1184 flavescere
1078 1143 1194 1196 Syrte

298 1204 469 1255 accipiet
500 1202 601 1242 Galli
633 1206 784 1244 rustica
816 1217 956 1244 mensa
987 1206 1059 1244 tui.

141 1271 183 1303 15
211 1264 302 1303 vina
334 1263 433 1303 mihi
464 1276 545 1303 non
578 1269 671 1303 sunt
703 1263 905 1318 Gazetica‚
939 1264 1055 1319 Chia,
1086 1263 1255 1304 Falerna

301 1336 481 1376 quaeque
516 1323 735 1377 Saraptano
768 1325 930 1378 palmite
963 1327 1089 1365 missa
1120 1323 1247 1364 bibas.

208 1383 350 1436 pocula
382 1396 462 1424 non
493 1384 559 1424 hic
593 1389 686 1425 sunt
719 1385 891 1426 illustria
924 1387 1087 1426 nomine
1119 1386 1229 1439 pagi,

298 1444 404 1496 quod
437 1446 572 1497 posuit
603 1447 754 1486 nostris
786 1448 874 1499 ipse
906 1448 1094 1486 triumvir
1126 1447 1246 1498 agris.

206 1508 250 1544 tu
281 1509 413 1544 tamen
446 1510 490 1545 ut
523 1507 657 1545 venias
689 1508 882 1560 petimus;
916 1507 1027 1547 dabit
1058 1508 1192 1546 omnia
1225 1505 1436 1559 Christus,

134 1572 182 1605 20
299 1565 363 1605 hic
395 1566 494 1604 mihi
527 1567 596 1618 qui
627 1568 797 1618 patriam
831 1568 927 1607 fecit
958 1579 1093 1607 amore
1126 1572 1207 1607 tuo.

728 1721 891 1764 XVIII.

468 1801 533 1837 DE
560 1801 772 1839 BALNEIs
798 1803 979 1840 VILLAE
1008 1803 1146 1840 SUAE.

210 1876 254 1916 Si
288 1879 378 1929 quis
411 1878 617 1918 Avitacum
650 1879 829 1932 dignaris
862 1883 994 1921 visere
1026 1886 1226 1935 nostram,

300 1949 380 1977 non
414 1937 488 1977 tihi
521 1938 754 1991 displiceat:
788 1942 864 1994 sic,
898 1941 1004 1993 quod
1037 1940 1179 1995 habes,
1211 1940 1377 1994 placeat.

210 1997 364 2037 aemula
396 1997 543 2037 Baiano
575 1998 772 2040 tolluntur
804 2001 978 2041 culmina
1004 2014 1104 2042 cono

297 2070 449 2110 parque
484 2058 720 2099 cothurnato
754 2062 904 2101 vertice
938 2061 1063 2114 fulget
1095 2075 1206 2115 apex.

166 2126 187 2159 ὅ
215 2117 375 2171 garrula
408 2117 603 2158 Gauranis
635 2119 726 2172 plus
758 2127 984 2162 murmurat
1015 2122 1122 2162 unda
1154 2122 1317 2162 fluentis

303 2179 482 2230 contigui
515 2178 628 2219 collis
661 2179 771 2232 lapsa
805 2182 1032 2233 supercilio

217 2293 322 2330 XVII
354 2295 400 2339 cf.
429 2295 564 2331 Versus
595 2295 764 2332 Martini
795 2296 1012 2335 Dumiensis
1043 2300 1206 2345 episcopi
1235 2300 1278 2335 in
1308 2299 1502 2344 refectorio

121 2342 239 2388 (Avit.
276 2343 330 2379 ed.
365 2343 499 2388 Peiper
528 2355 567 2389 p.
594 2347 685 2388 195)
730 2347 741 2391 ΙΙ
792 2350 811 2381 3
847 2346 969 2381 nostri
1004 2347 1035 2383 Ο
1073 2350 1086 2394 fi
1130 2352 1151 2383 6
1188 2347 1324 2382 simma
1359 2346 1463 2384 codd.
1489 2347 1502 2394 Η

117 2391 242 2428 XVIII
267 2395 288 2428 2
316 2390 384 2427 sed
412 2391 461 2437 F,
488 2390 520 2426 si
545 2392 653 2439 vulyo
673 2393 685 2438 ΙΙ
