1592 2612
132 128 189 171 72
608 125 755 162 LIBER
781 124 1020 169 QUARTUS.

785 260 841 303 ΙΙ.

324 344 637 381 CLAUDIANUS
665 343 863 380 SIDONIO
889 342 1049 379 PAPAE
1077 342 1320 380 SALUTEM.

224 420 261 463 1.
295 423 338 463 Si
368 422 562 476 possibile
589 422 696 462 factu
723 427 843 475 esset,
875 426 920 461 ut
946 426 998 475 te,
1031 421 1240 460 dominum
1265 431 1415 474 meum,
1445 419 1510 460 vel

132 483 371 536 aliquotiens
409 482 699 536 aliquantulum
738 483 1012 535 convenirem,
1050 494 1131 521 non
1164 480 1385 521 undeunde
1413 492 1509 533 qua-

132 545 330 597 rumpiam
367 555 633 596 personarum
671 547 739 583 aut
775 542 1000 583 voluntates
1039 547 1108 582 aut
1144 543 1408 582 necessitates
1441 553 1510 581 an-

95 618 113 644 5
134 606 348 658 quirerem,
382 617 481 656 quae
515 605 557 643 in
589 615 675 643 rem
709 603 835 643 debiti
863 604 944 643 mei
969 604 1062 643 usui
1088 602 1189 642 mihi
1215 614 1305 643 esse
1330 606 1510 655 possent.

133 666 280 717 quippe
313 666 527 704 revisionis
559 668 738 717 potestas
764 663 903 704 multis
929 664 1060 704 modis
1088 668 1128 704 et
1152 664 1315 711 miseris
1341 661 1511 716 perinde

134 725 265 765 causis
298 724 593 765 intercluditur.
646 725 850 764 enimvero
885 723 1091 764 scribendi
1123 723 1292 764 facultas
1324 728 1393 764 aut
1418 735 1512 763 raro

132 785 275 825 idonea
315 787 494 838 suppetit
534 790 602 825 aut
639 797 714 825 nec
748 786 936 838 suppetit.
999 786 1125 825 istaec
1158 785 1299 825 eadem
1331 784 1512 824 remissi-

132 845 228 885 bilia
268 846 349 885 sint
386 858 532 900 necne,
571 851 655 885 tute
694 845 947 886 indicaveris.
1012 844 1051 885 2.
1083 858 1204 898 porro
1237 850 1373 886 autem
1404 856 1514 898 vero,

79 920 114 946 10
134 906 240 958 quod
280 918 570 958 saepenumero
611 907 774 958 scriptis
812 907 958 946 vestris
997 906 1064 946 alii
1101 907 1396 959 inpertiuntur,
1442 905 1514 958 qui

133 966 174 1006 id
207 968 339 1019 ipsum
370 979 446 1006 nec
479 966 660 1006 ambiunt
692 979 812 1019 quam
845 971 1003 1019 egomet
1035 967 1171 1007 forsan
1203 979 1278 1006 nec
1303 970 1515 1006 merentur

134 1026 324 1079 amplius,
361 1039 442 1066 non
481 1026 655 1066 arbitror
694 1028 892 1066 amicitiae
930 1018 1087 1079 legibus
1119 1028 1270 1079 inpune
1303 1027 1513 1067 committi.

134 1086 233 1126 illud
267 1087 485 1126 etiamnum
517 1086 700 1126 dolenter
731 1087 820 1127 faxo
852 1089 1039 1141 tacitum,
1078 1087 1185 1139 quod
1217 1086 1375 1127 libellos
1408 1086 1514 1140 illos,

138 1158 238 1199 quos
270 1151 339 1186 tuo
372 1148 534 1187 nomine
567 1146 773 1187 nobilitari
804 1159 886 1187 non
912 1146 1067 1201 abnuis,
1100 1147 1210 1187 nullo
1236 1159 1428 1200 umquam
1454 1148 1517 1187 in-

81 1221 116 1249 15
135 1208 337 1259 pertivisti
356 1209 566 1260 rescripto.
594 1207 663 1247 sed
684 1220 853 1247 vacuum
873 1208 976 1248 forte
997 1220 1077 1248 non
1092 1209 1281 1262 suppetit,
1301 1207 1409 1261 quod
1428 1211 1515 1248 tute

136 1267 341 1308 modicum
372 1280 538 1320 magnae
571 1267 786 1308 admodum
819 1268 1028 1321 impendas
1055 1270 1267 1309 amicitiae.
1319 1266 1358 1309 3.
1386 1280 1516 1321 ecquo

137 1332 266 1368 tumet
298 1333 495 1380 occupatu
526 1340 717 1380 umquam
750 1330 956 1381 uspiamve
984 1328 1256 1382 implicabere,
1289 1330 1389 1382 quin
1414 1328 1514 1369 illud

137 1389 180 1427 in
213 1387 383 1428 aliorum
416 1388 636 1428 commoda
655 1386 868 1441 revergat?
912 1402 1003 1429 cum
1029 1394 1195 1442 precatu
1223 1389 1343 1430 deum
1368 1388 1518 1443 placas,

139 1447 311 1488 eundem
355 1460 436 1488 non
474 1448 592 1488 modo
632 1450 770 1489 amicis
813 1449 883 1489 sed
925 1451 1074 1502 ignotis
1113 1462 1273 1503 quoque
1313 1449 1518 1491 concilias.

85 1524 121 1551 20
141 1521 232 1548 cum
260 1510 552 1561 scripturarum
578 1509 812 1550 caelestium
836 1511 1027 1563 mysteria
1053 1511 1226 1565 rimaris,
1259 1523 1339 1564 quo
1365 1516 1404 1551 te
1433 1515 1518 1551 stu-

141 1569 293 1608 diosius
332 1568 498 1623 imbuis,
542 1582 588 1609 eo
632 1570 855 1610 doctrinam
893 1572 1039 1611 ceteris
1082 1573 1286 1624 copiosius
1323 1571 1517 1612 infundis.

141 1641 233 1668 cum
275 1633 364 1669 tuas
409 1642 505 1682 opes
549 1631 591 1669 in
635 1643 734 1671 usus
778 1632 944 1684 inopum
987 1631 1186 1686 prodigis,
1233 1631 1308 1672 tibi
1353 1631 1518 1685 quidem

140 1701 338 1743 maxume,
371 1689 441 1729 sed
474 1690 562 1730 aliis
595 1703 754 1743 quoque
787 1691 1015 1732 consultum
1047 1692 1156 1733 facis.
1213 1692 1383 1746 proinde
1415 1692 1536 1749 nihil.

141 1748 338 1803 videlicet,
357 1750 536 1802 profecto
557 1750 657 1790 nihil
677 1756 738 1791 est
756 1757 837 1791 tam
857 1752 1117 1793 infecundum
1133 1755 1338 1794 actionum
1355 1757 1519 1794 tuarum

89 1824 125 1851 25
145 1811 342 1864 omnium,
381 1811 487 1862 quod
525 1810 600 1851 tibi
637 1813 709 1851 uni
749 1812 824 1851 soli
860 1817 1017 1853 tantum
1049 1818 1089 1853 et
1121 1826 1202 1854 non
1235 1814 1324 1854 aliis
1357 1825 1519 1867 quoque

143 1869 281 1910 multis
312 1875 446 1910 tecum
477 1870 645 1911 uberem
672 1872 847 1912 fructum
874 1873 985 1913 ferat.
1037 1871 1075 1913 4.
1102 1873 1213 1914 nulla
1238 1875 1364 1927 igitur
1383 1875 1535 1918 cuius-⁴

241 1977 262 2008 2
288 1972 391 2009 facto
411 1974 537 2010 LNT
552 1976 564 2021 11
584 1979 604 2010 3
632 1975 781 2020 quoties
807 1979 888 2020 (om.
910 1976 979 2023 ali)
998 1978 1034 2012 L
1057 1980 1061 2021 Ι
1083 1978 1184 2014 unde
1211 1980 1294 2025 (om.
1315 1979 1381 2016 alt.
1402 1977 1520 2024 unde)

144 2022 180 2057 L
210 2023 223 2068 11
253 2026 276 2057 4
302 2023 541 2067 anquirerem
565 2023 654 2059 LN
663 2024 705 2069 V,
738 2023 968 2069 inquirerem
994 2026 1045 2061 M
1049 2026 1119 2062 CT
1153 2029 1165 2073 Η
1203 2031 1223 2063 5
1253 2038 1351 2073 quae
1377 2027 1425 2074 L,
1451 2026 1520 2063 sed

145 2081 242 2115 quae
262 2070 344 2116 (sed
362 2081 389 2106 s.
413 2071 434 2107 l.
456 2072 541 2107 add.
563 2071 608 2107 N
612 2072 687 2115 ¹)N
690 2072 741 2107 M
749 2072 818 2108 OT
837 2075 841 2118 Ι
863 2073 1013 2119 possint
1031 2075 1068 2110 L
1086 2077 1098 2120 ΙΙ
1119 2080 1139 2111 6
1165 2075 1405 2113 multimodis
1423 2086 1520 2113 corr.

143 2119 187 2153 in
210 2117 340 2154 multis
366 2119 490 2154 modis
517 2119 568 2154 1³²
587 2122 599 2166 ΙΙ
619 2122 639 2154 8
666 2119 786 2156 istaec
812 2121 859 2166 L,
885 2121 961 2158 ista,
986 2122 1080 2158 haec
1106 2124 1150 2160 N
1153 2124 1204 2160 M
1209 2125 1252 2170 T,
1283 2123 1341 2160 ita
1365 2124 1462 2160 haec
1492 2122 1525 2160 G

146 2166 155 2210 11
182 2170 202 2202 9
229 2167 272 2201 tu
297 2166 528 2203 iudieaberis
554 2167 607 2211 L,
626 2169 709 2204 tute
735 2168 966 2206 iudicaberis
991 2172 1034 2207 in
1057 2184 1145 2217 ras„
1171 2172 1218 2208 be
1243 2184 1271 2210 ε.
1296 2173 1319 2210 l.
1340 2173 1428 2209 add.
1449 2167 1493 2208 N
1495 2172 1523 2217 ¹,

144 2214 228 2249 tute
253 2213 436 2250 iudicaris
461 2215 508 2251 M
517 2215 588 2252 OT
603 2217 616 2262 ΙΙ
642 2219 688 2250 14
714 2216 850 2252 abnuis
876 2218 925 2263 F,
958 2219 1105 2254 amnuis
1133 2221 1185 2266 L,
1218 2220 1355 2257 annuis
1385 2221 1519 2267 (prior.

144 2274 171 2297 11
195 2264 239 2298 i‘n
262 2274 335 2299 ras.
356 2263 435 2309 M2)
445 2264 495 2299 M
502 2264 580 2309 GP,
606 2263 742 2299 annuis
769 2277 860 2301 corr.
887 2267 929 2302 in
955 2267 1091 2303 adnuis
1120 2269 1168 2304 T2
1188 2271 1199 2315 ΙΙ
1222 2273 1264 2305 16
1292 2280 1412 2314 ecquo
1437 2270 1522 2304 tum

146 2312 186 2346 et
210 2310 256 2354 L,
284 2322 403 2356 ecquo
428 2315 509 2347 tam
536 2323 581 2348 ex
609 2312 659 2358 F,
691 2312 846 2358 Hecquo
871 2316 952 2349 tam
978 2326 1023 2350 ex
1048 2316 1093 2361 P,
1122 2316 1295 2362 haeequo
1321 2317 1398 2361 (vel
1423 2327 1466 2353 ec
1489 2316 1530 2353 s.

145 2359 170 2396 Ζ.
196 2359 283 2395 add.
310 2359 387 2406 ΜΞ)
412 2361 493 2395 tam
519 2371 564 2396 ex
589 2361 645 2406 M,
672 2360 843 2406 haecquo
869 2362 934 2408 <ha
959 2375 1050 2400 eras.
1074 2365 1134 2409 ΟΖ)
1161 2376 1207 2400 ex
1229 2365 1267 2411 G,
1294 2376 1413 2411 ecquo
1438 2366 1522 2401 tam

146 2407 183 2443 T
198 2409 211 2454 ss
230 2411 276 2443 20
302 2408 500 2454 mysteria]
529 2411 676 2445 secreta
697 2409 731 2444 T
748 2411 759 2456 ΙῙ
780 2415 823 2446 22
851 2409 1021 2459 inopum]
1042 2423 1253 2459 pauperum
1275 2414 1310 2460 T
1325 2415 1337 2459 ΙΙ
1356 2417 1403 2450 ‘26
1428 2414 1523 2449 ube-
