1592 2612
305 119 538 157 SIDONIUS
562 119 881 157 DESIDERATO
908 119 1002 157 SUO
1029 117 1274 157 SALUTEM.
1424 117 1482 160 39

98 222 282 276 gantibus
326 222 490 264 difficile
529 222 739 277 concedis,
783 222 981 263 indicium
1019 222 1073 262 sit
1107 220 1213 262 bene
1251 220 1481 261 iudicaturi.

98 286 188 337 quis
220 285 332 325 enim
363 296 406 324 se
438 296 521 324 non
552 283 702 324 ambiat
733 283 932 324 arbitrum
964 282 1045 335 legi
1077 287 1146 323 aut
1169 283 1302 335 pretio
1329 280 1481 334 aliquid

97 344 329 386 indulturus
361 351 429 386 aut
461 342 644 397 gratiae?
700 342 740 385 2.
772 345 898 397 igitur
930 345 1095 397 ignosce
1129 343 1178 383 ad
1210 348 1293 383 tam
1319 347 1480 383 sanetae

97 407 366 447 conscientiae
397 406 717 459 praerogativam
749 407 898 458 raptim
923 405 1226 458 perniciterque
1258 414 1481 456 properan-

95 465 224 521 tibus,
259 465 586 520 quandoquidem
624 467 868 507 sententiam
904 470 1015 506 tuam
1053 477 1129 505 nec
1159 466 1291 505 victus
1321 469 1368 505 ut
1399 468 1481 504 sto·
1518 477 1537 504 5

95 525 204 567 lidus
240 532 401 568 accusat
441 539 516 567 nec
554 528 684 567 victor
721 532 767 568 ut
804 531 971 580 argutus
1010 525 1179 580 inridet,
1216 526 1480 578 veritatisque

95 592 284 641 respectu
314 587 549 641 dependunt
579 587 656 628 tibi
687 587 838 628 addicti
870 588 1151 641 reverentiam,
1183 587 1355 639 gratiam
1380 584 1480 626 libe·

94 649 185 688 rati.
230 648 398 701 proinde
424 649 594 702 inpense
622 648 805 703 obsecro,
830 653 877 688 ut
902 649 1010 688 inter
1028 647 1232 687 Alethium
1252 651 1292 687 et
1311 645 1481 687 Paulum

95 721 198 761 quae
230 711 396 750 veniunt
426 710 469 750 in
502 709 856 763 disceptationem,
887 721 982 749 mox
1013 714 1058 749 ut
1089 709 1295 761 utrimque
1328 707 1481 748 fuerint

95 771 292 824 opposita,
323 770 538 823 discingas.
583 782 770 824 namque,
802 771 846 810 ni
878 769 1006 824 fallor,
1039 781 1162 822 supra
1191 767 1479 809 decemvirales
1502 783 1537 808 ιο

94 829 427 884 pontificalesque
472 832 693 871 sententias
738 830 984 884 aegritudini
1026 830 1148 870 huius
1187 842 1314 883 prope
1354 831 1480 869 inter-

93 890 298 932 minabilis
323 892 446 945 iurgii
472 891 556 932 sola
581 903 741 932 morum
766 896 931 932 tuorum
950 892 1218 945 temperantia
1239 889 1355 931 solita
1375 889 1480 930 iudi-

95 951 215 995 candi
246 951 481 993 salubritate
514 951 794 993 medicabitur.
844 952 942 992 vale.

724 1106 847 1150 VIII.

299 1189 529 1227 SIDONIUS
554 1189 872 1227 DESIDERATO
901 1189 994 1226 SUO
1022 1188 1290 1238 SALUTEM„

185 1264 224 1308 1.
248 1266 541 1308 Maestissimus
560 1267 661 1308 haec
680 1267 755 1308 tibi
774 1268 929 1308 nuntio.
962 1267 1139 1307 decessit
1159 1266 1308 1307 nudius
1328 1267 1474 1306 tertius
1496 1280 1531 1306 15

91 1340 175 1368 non
212 1326 365 1381 absque
403 1330 559 1369 iustitio
597 1333 781 1369 matrona
811 1327 1031 1383 Filimatia,
1069 1329 1272 1380 morigera
1304 1328 1480 1367 coniunx

92 1388 255 1429 domina
287 1388 483 1443 clemens,
515 1389 628 1430 utilis
660 1394 790 1430 mater
821 1390 887 1442 pia
919 1388 1019 1442 filia,
1052 1389 1119 1429 cui
1150 1387 1338 1428 debuerit
1370 1388 1480 1428 domi

91 1448 272 1502 forisque
297 1461 472 1503 persona
496 1451 631 1490 minor
656 1449 908 1503 obsequium,
933 1450 1063 1489 maior
1083 1449 1274 1503 officium,
1300 1448 1479 1502 aequalis

92 1509 293 1550 affectum.
343 1509 444 1550 haec
482 1523 575 1550 cum
607 1515 717 1550 esset
747 1512 867 1550 unica
905 1512 985 1550 iam
1017 1509 1088 1550 diu
1119 1511 1260 1550 matris
1294 1511 1480 1563 amissae,

93 1569 210 1610 facile
237 1570 409 1610 diversis
434 1569 804 1611 blandimentorum
829 1570 1047 1624 generibus
1075 1570 1277 1624 effecerat,
1302 1583 1353 1610 ne
1373 1572 1480 1624 patri
1500 1583 1535 1610 20

91 1630 223 1671 adhuc
260 1631 397 1671 iuveni
435 1630 588 1671 subolis
628 1643 750 1671 sexus
789 1631 955 1671 alterius
994 1631 1305 1671 desideraretur.
1370 1643 1478 1671 nunc

91 1695 228 1731 autem
264 1703 339 1744 per
371 1691 503 1732 subita
536 1704 726 1745 suprema
762 1693 896 1732 virum
928 1691 1144 1744 caelibatu,
1181 1696 1339 1743 patrem
1371 1691 1478 1731 orbi-

91 1756 173 1792 tate
206 1751 396 1792 confodit.
458 1752 522 1792 his
555 1752 734 1806 additur,
773 1752 879 1806 quod
913 1753 1092 1805 quinque
1124 1751 1298 1791 liberum
1331 1765 1479 1804 parens

91 1813 293 1853 inmaturo
338 1814 450 1853 exitu
493 1813 671 1854 reddidit
712 1813 1002 1853 infortunatam
1039 1812 1339 1853 fecunditatem.
1410 1814 1480 1865 qui

91 1872 249 1926 parvuli
280 1874 315 1914 si
346 1878 475 1913 matre
508 1875 659 1927 sospite
692 1874 965 1926 perdidissent
998 1875 1079 1914 iam
1112 1873 1181 1913 diu
1207 1872 1383 1913 debilem
1409 1885 1478 1926 pa·
1499 1886 1534 1914 25

90 1938 215 1988 trem,
240 1935 376 1974 minus
401 1934 545 1988 pupilli
571 1936 912 1975 existimarentur.
954 1933 994 1975 2.
1020 1934 1123 1974 hanc
1150 1940 1304 1987 tamen,
1331 1934 1367 1973 si
1387 1935 1479 1986 quis

91 1993 197 2034 haud
229 1995 434 2035 incassum
465 1995 595 2035 honor
627 1994 889 2036 cadaveribus
922 1994 1189 2048 impenditur,
1227 2006 1309 2034 non
1340 1994 1479 2047 w‘spil-

94 2053 232 2095 lonum
265 2054 706 2108 sandapilariorumque
742 2057 969 2096 ministeria
996 2057 1178 2095 ominosa
1210 2053 1478 2110 tumulavere3

191 2174 212 2206 7
239 2170 462 2217 dependunt
485 2171 560 2208 tibi
585 2182 653 2208 om.
676 2172 718 2208 F
736 2174 741 2217 ξ
761 2176 846 2218 post
871 2171 1038 2218 gratiam
1064 2173 1150 2208 add.
1172 2170 1417 2218 perpendunt
1439 2171 1477 2218 Ο,

91 2229 160 2256 om.
186 2219 440 2266 LNVMTu
461 2224 505 2256 12
533 2232 679 2256 morum
711 2220 795 2256 sola
822 2220 890 2266 01]
921 2224 965 2256 15
993 2220 1147 2256 decedit
1174 2219 1207 2256 0
1230 2222 1242 2266 ΙΙ
1271 2223 1315 2255 17
1343 2219 1479 2257 debuit

98 2267 346 2305 Wilamowitz
365 2269 378 2315 u
399 2272 444 2304 19
470 2268 606 2304 matris
633 2269 668 2304 L
694 2273 728 2305 et
754 2270 786 2315 (s
812 2280 905 2306 eras.
927 2268 1060 2315 N²)N,
1086 2267 1204 2304 matri
1223 2269 1271 2304 M
1279 2268 1351 2305 01¹
1370 2270 1376 2315 Ι
1392 2274 1479 2317 post

92 2315 257 2352 amissae
282 2318 354 2353 ins.
380 2316 462 2353 filia
488 2317 600 2363 Imet
596 2318 729 2354 oharm
759 2319 772 2363 ss
804 2321 847 2353 21
878 2316 1026 2353 subolis
1054 2317 1099 2362 L,
1129 2316 1271 2353 sobolis
1299 2320 1408 2363 (corr
1435 2320 1479 2354 in

92 2362 245 2400 suboles
271 2365 408 2411 N²)N,
435 2365 587 2401 suboles
614 2366 670 2412 M,
704 2365 856 2402 soboles
886 2365 956 2402 GT
985 2367 998 2410 ΙΙ
1029 2368 1075 2400 ‘23
1102 2365 1267 2401 liberum
1293 2366 1478 2412 NMOT,

91 2409 300 2449 liberorum
325 2413 362 2450 L
386 2418 421 2451 et
445 2425 473 2451 s.
501 2415 525 2450 l.
552 2414 638 2450 add.
663 2414 823 2460 M²1106
851 2413 936 2459 quis
963 2413 1154 2460 NMGT,
1179 2414 1246 2460 qui
1271 2414 1338 2461 ΕΙ]
