1592 2612
616 111 826 150 OARMEN
851 113 897 150 V.
1362 112 1452 155 263

185 220 229 257 et
258 227 361 269 quos
391 216 534 270 vincis,
565 220 683 256 amat.
745 219 855 255 totus
887 214 1079 255 dormitat
1109 214 1159 255 ad
1191 216 1316 255 istum

185 288 355 330 magnus
384 275 622 330 Alexander,
651 277 780 329 patris
812 287 934 329 quem
965 275 1093 328 gloria
1124 276 1254 315 torsit.

188 336 285 390 quid
316 337 460 378 faciam
491 334 661 377 infelix?
691 342 786 377 nato
819 348 921 389 quae
954 348 1077 389 regna
1109 335 1259 389 parabo

186 397 350 438 exclusa
381 399 555 451 sceptris
587 396 753 452 Geticis,
786 396 1016 451 respublica
1051 398 1086 436 si
1117 409 1181 437 me

87 465 160 500 205
185 459 380 512 praeterit
411 463 453 498 et
482 470 630 511 parvus
663 470 787 511 super
818 458 894 498 hoc
926 457 1176 498 Gaudentius
1206 457 1328 498 huius

185 517 363 560 calcatur
394 516 517 559 fatis?
548 520 672 559 istum
705 520 785 559 iam
818 518 943 558 Gallia
974 517 1111 558 laudat

187 579 375 633 quodque
406 591 482 633 per
511 578 715 632 Europam
740 584 813 620 est.
874 579 1018 632 rigidis
1044 578 1151 619 hunc
1178 577 1305 619 abluit
1329 578 1452 619 undis

184 638 368 695 Rhenus,
408 640 527 694 Arar,
570 639 807 694 Rhodanus,
851 639 979 694 Mosa,
1016 639 1215 693 Matrona,
1254 639 1452 693 Sequana,

1228 699 1376 753 Ledus,

185 760 314 815 Clitis,
344 760 489 815 Elaris,
520 761 633 815 AtaX,
663 760 838 814 Vacalis3
869 760 1127 814 Ligerimque
1159 759 1329 813 bipenni

90 829 161 863 210
187 823 370 862 excisum
401 834 476 874 per
506 821 635 862 frusta
665 820 780 861 bibit.
843 833 936 861 cum
966 820 1071 861 bella
1103 822 1293 861 timentes

186 882 367 922 defendit
397 881 594 936 Turonos,
625 882 786 936 aberas3
818 887 910 935 post
941 887 1122 935 tempore
1155 893 1279 934 parvo

186 943 397 996 pugnastis
428 943 593 996 pariter,
624 941 804 983 Francus
837 955 916 995 qua
947 942 1059 982 Cloio
1092 947 1277 995 patentes

190 1002 427 1043 Atrebatum
457 1008 589 1043 terras
620 1007 863 1056 pervaserat.
926 1003 992 1043 hic
1025 1008 1219 1043 coeuntes

187 1062 427 1104 claudebant
457 1069 626 1116 angusta
658 1065 742 1104 vias
774 1076 951 1116 arcuque
984 1063 1196 1104 subactum

86 1132 160 1165 215
186 1125 319 1164 vicum
350 1123 543 1164 Helenam
574 1124 805 1177 flumenque
838 1123 959 1164 simul
991 1123 1066 1164 sub
1098 1125 1261 1164 tramite
1293 1123 1413 1176 longo

187 1189 300 1225 artus
332 1186 553 1238 suppositis
584 1184 768 1225 trabibus
800 1186 1080 1225 transmiserat
1111 1196 1244 1237 agger.

187 1244 271 1286 illic
301 1250 342 1286 te
374 1246 507 1298 posito
538 1245 742 1298 pugnabat
771 1250 893 1298 ponte
927 1245 1003 1286 sub
1037 1246 1126 1298 ipso

184 1304 430 1346 Maiorianus
462 1318 598 1359 eques.
661 1307 744 1346 fors
776 1307 888 1359 ripae
921 1305 1022 1346 colle
1054 1307 1283 1359 propinquo

186 1365 423 1407 barbaricus
455 1366 670 1407 resonabat
700 1366 847 1420 hymen
880 1366 1159 1420 Scythicisque
1193 1366 1353 1406 choreis

91 1434 163 1466 220
189 1425 366 1466 nubebat
397 1426 499 1466 ssavo
532 1426 676 1467 similis
708 1439 811 1467 nova
843 1432 967 1479 nupta
998 1428 1155 1466 marito.

189 1486 264 1526 hos
296 1499 405 1540 ergo,
436 1491 482 1526 ut
513 1487 739 1540 perhibent,
771 1488 931 1540 stravit3
964 1486 1188 1540 crepitabat
1218 1487 1267 1526 ad
1300 1488 1406 1527 ictus

189 1548 316 1587 cassis
349 1552 389 1587 et
421 1549 619 1600 oppositis
650 1547 855 1587 hastarum
887 1547 1056 1587 verbera
1087 1547 1230 1587 thorax

186 1606 350 1647 arcebat
379 1609 572 1661 squamis,
603 1607 732 1648 donec
764 1620 956 1648 conversa
989 1608 1148 1660 fugatus

185 1667 315 1708 bostis
345 1672 459 1720 terga
491 1667 619 1722 dedit3
650 1667 841 1721 plaustris
874 1667 1039 1708 rutilare
1073 1668 1232 1708 videres

88 1736 161 1769 225
187 1727 390 1768 barbarici
421 1741 518 1780 vaga
550 1728 651 1769 festa
683 1730 763 1768 tori
794 1730 1057 1781 coniectaque
1089 1730 1241 1781 passim

186 1787 338 1829 fercula
370 1790 628 1842 captivasque
660 1789 783 1842 dapes
816 1790 1003 1841 cirroque
1035 1788 1222 1828 madente

186 1849 293 1889 ferre
326 1855 539 1889 coronatos
571 1849 794 1890 redolentia
826 1854 933 1889 serta
965 1848 1131 1889 lebetas.

187 1909 298 1950 ilicet
329 1911 522 1949 increscit
553 1909 709 1950 Mavors
740 1909 986 1962 thalamique
1018 1909 1205 1962 refringit

187 1969 278 2023 plus
311 1969 457 2010 ardens
490 1969 653 2010 Bellona
686 1970 812 2024 faces;
843 1972 950 2023 rapit
980 1970 1122 2010 esseda
1155 1972 1284 2010 victor

87 2038 160 2071 230
187 2030 488 2082 nubentemque
520 2043 680 2071 nurum.
742 2043 824 2071 non
857 2032 914 2071 sic
947 2030 1175 2070 Pholoetica
1207 2035 1387 2070 monstra

188 2096 308 2143 atque
340 2090 618 2131 Pelethronios
650 2091 840 2144 Lapithas
872 2090 1095 2131 Semeleius
1128 2090 1239 2130 Euan

187 2152 362 2205 miscuit,
394 2150 634 2192 Haemonias
666 2151 763 2192 dum
794 2151 1000 2191 flammant
1032 2153 1143 2203 orgia
1175 2156 1326 2190 matres

162 2306 233 2339 203
259 2304 379 2349 gnato
404 2303 456 2339 M
469 2306 481 2348 u
501 2306 573 2339 204
598 2314 622 2339 a
647 2303 808 2350 sceptris
833 2304 885 2340 M
898 2306 911 2348 11
935 2306 1007 2339 205
1033 2302 1196 2349 proterit
1223 2303 1449 2346 Gustassson

63 2350 77 2393 l}
102 2354 174 2387 209
200 2350 306 2387 olitis
333 2352 537 2388 Bermnsis
569 2356 603 2388 et
628 2352 831 2389 Parisinus
856 2354 964 2389 2782
985 2355 997 2397 11
1026 2355 1096 2387 210
1122 2351 1265 2387 frustm
1291 2352 1453 2389 OPTF

64 2398 77 2446 ἐξ
103 2401 173 2434 212
198 2398 340 2435 francis
368 2400 441 2436 GP
452 2400 491 2445 T,
517 2399 632 2436 fracis
659 2400 730 2447 Fu
749 2404 819 2437 226
846 2399 1018 2446 captivas
1045 2401 1171 2436 vestes
1198 2400 1351 2447 PTFu
