1592 2612
606 111 813 149 CARMEN
838 110 885 149 V.
1346 111 1439 156 273

179 214 360 268 algentes
391 215 501 267 cogit
529 220 685 255 turmas
718 226 764 255 ac
796 214 946 268 frigora
977 214 1103 269 ridet,

180 275 278 316 dum
308 274 419 315 solus
450 274 542 328 plus
572 279 708 315 mente
741 274 854 316 calet.
917 287 1010 316 cum
1042 274 1211 316 classica
1242 275 1352 327 regis

79 344 151 377 535
177 336 316 377 Arctoi
347 347 563 389 sequerer,
593 334 765 376 Romani
795 337 992 389 principis
1024 348 1135 376 arma

178 396 500 449 Caesareumque
531 395 658 436 larem
691 395 790 436 luxu
820 401 984 449 torpere
1014 396 1189 449 perenni

177 457 405 498 audieram:
437 456 623 497 dominos
654 456 712 497 nil
742 457 908 510 prodest
940 458 1022 497 isse
1053 458 1232 510 prioreS,

177 519 214 558 si
244 515 317 558 rex
346 517 415 558 1110
446 529 607 571 quoque
639 517 756 558 fortis
788 515 903 558 erat?
964 518 1117 557 maiora
1148 520 1358 570 parantem

178 578 315 619 dicere
347 578 397 618 de
436 577 601 631 scopulo
632 577 768 619 verbis
800 578 989 619 accendis
1022 579 1188 618 amaris:

78 646 152 680 540
178 635 382 692 ‘quisquis
413 651 476 692 05,
508 640 684 692 oppositi
714 640 863 679 metuis
896 640 967 692 qui
998 637 1154 678 lubrica
1185 637 1296 692 clivi,

177 699 319 752 frange
351 704 486 739 cutem
516 699 731 752 pendentis
763 712 891 752 aquae
924 698 1158 752 scalptoque
1190 698 1342 739 fluento

178 761 232 800 sit
260 759 337 800 tibi
367 759 528 813 lympha
559 759 719 812 gradus
780 765 921 813 turpes
953 760 1110 813 depone
1143 758 1347 812 querelas:

177 821 258 860 otia
290 820 418 872 frigus
449 819 610 860 habent.
671 820 870 873 numquid
906 820 1008 860 mihi
1038 819 1221 859 membra
1251 818 1436 860 biformis

177 879 318 934 Hylaei
348 885 492 920 natura
523 878 664 921 dedit?
719 893 817 921 num
849 880 1026 934 Pegasus
1058 879 1133 920 alis

79 948 154 982 545
179 940 349 995 adiuvit,
381 941 573 994 quicquid
605 941 785 995 gradior,
816 953 1051 994 pennasque
1082 939 1234 980 volanti

178 1001 246 1041 dat
277 1000 407 1042 Calais
438 1001 640 1054 Zetusque
671 1001 789 1056 mihi,
820 1014 942 1055 quem
973 1001 1167 1054 ninguida
1198 1002 1333 1041 cernis

178 1060 399 1102 calcantem
431 1063 511 1102 iam
543 1062 663 1102 dorsa
694 1060 808 1115 iugi?
868 1075 940 1102 vos
971 1062 1120 1115 frigora
1152 1061 1360 1115 frangunt,

178 1134 249 1162 vos
280 1119 434 1175 Alpes?
495 1124 577 1162 iam
607 1124 687 1163 iam
719 1123 902 1164 studeam
934 1134 1106 1176 pensare
1137 1123 1323 1175 pruinas:

177 1186 371 1223 aestatem
402 1182 478 1224 sub
511 1183 627 1237 Syrte
660 1181 791 1224 dabo.'
842 1185 902 1224 sic
933 1184 1092 1236 agmina
1123 1194 1220 1222 voce

79 1251 154 1284 550
180 1244 306 1296 erigis
337 1242 603 1297 exemploque
634 1243 742 1284 levas
772 1245 1012 1297 primusque
1044 1242 1203 1284 labores

177 1303 428 1358 aggrederis,
460 1316 735 1357 quoscumque
768 1304 903 1358 iubes3
934 1309 1021 1344 tum
1053 1308 1187 1344 cetera
1218 1308 1334 1356 paret

177 1363 296 1404 turba
327 1363 477 1419 libens,
509 1366 633 1404 servit
663 1367 840 1418 propriis
873 1377 965 1405 cum
997 1364 1154 1417 legibus
1186 1369 1337 1404 auctor.

240 1423 319 1471 Qui
349 1423 425 1464 tibi
455 1431 665 1477 praeterea
698 1427 867 1465 comites
899 1430 1154 1478 quantusque
1185 1426 1378 1477 magister

179 1483 365 1538 militiae,
396 1490 575 1525 vestrum
607 1490 699 1538 post
730 1497 801 1525 vos
834 1486 903 1538 qui
935 1484 1129 1538 compulit
1160 1497 1322 1538 agmen,

80 1552 151 1585 555
179 1544 248 1584 sed
282 1556 365 1585 non
395 1544 583 1585 invitum!
641 1545 805 1599 dignus,
837 1547 903 1585 cui
936 1545 1099 1585 cederet
1130 1546 1202 1584 uni

178 1604 284 1658 Sylla
316 1606 422 1659 acie,
454 1607 573 1658 genio
605 1605 772 1660 Fabius,
803 1607 952 1658 pietate
984 1604 1188 1659 Metellus,

176 1665 330 1718 Appius
362 1665 541 1720 eloquio,
572 1667 612 1705 vi
643 1665 826 1720 Fulvius,
857 1671 943 1706 arte
977 1665 1181 1706 Camillus.

178 1727 215 1766 si
245 1725 521 1779 praefecturae
554 1731 727 1779 quantus
758 1726 992 1766 moderetur
1021 1725 1217 1766 honorem

176 1788 239 1826 vir
270 1799 457 1840 quaeras,
488 1786 618 1827 tendit
647 1786 804 1840 patulos
837 1799 915 1839 qua
947 1785 1072 1826 Gallia
1098 1786 1219 1839 fines,

78 1854 151 1888 560
179 1848 244 1886 vix
275 1846 417 1887 habuit
447 1859 582 1887 mores
614 1847 789 1901 similes,
820 1849 887 1887 0111
919 1852 1022 1887 teste
1055 1851 1200 1887 senatu

176 1909 218 1947 in
251 1919 294 1947 se
327 1909 447 1947 etiam
479 1912 654 1948 tractum
685 1909 944 1948 commiserat
974 1906 1116 1960 Ulpius
1150 1919 1301 1947 ensem.

177 1969 247 2021 qui
278 1967 403 2008 dictat
434 1967 553 2008 modo
585 1969 674 2008 iura
706 1967 836 2023 Getis,
869 1967 944 2008 sub
977 1968 1110 2008 iudice
1142 1972 1277 2007 vestro

176 2027 340 2081 pellitus
373 2041 513 2068 ravum
545 2040 785 2081 praeconem
819 2029 989 2081 suscipit
1015 2028 1155 2068 hostis.

177 2088 272 2141 quid
306 2088 447 2141 loquar
479 2088 544 2128 hic
577 2088 707 2143 illum,
741 2090 811 2141 qui
845 2090 993 2129 scrinia
1027 2101 1139 2128 sacra
1172 2087 1393 2142 gubernat,

78 2156 149 2189 565
177 2150 265 2203 qui,
298 2161 390 2189 cum
423 2148 553 2189 civilis
585 2148 794 2202 dispenset
825 2150 952 2202 partis
983 2148 1180 2202 habenas,

153 2304 223 2337 537
249 2300 342 2348 isse]
371 2301 480 2337 desse
507 2301 559 2336 M
572 2302 585 2346 ΙΙ
605 2303 675 2337 538
701 2313 754 2339 an
785 2300 882 2337 erit?
907 2301 1150 2347 Luetjohann
1180 2302 1192 2346 fl
1227 2303 1297 2337 546
1323 2300 1436 2348 mihi]

54 2358 146 2385 suas
172 2348 223 2384 M
248 2350 261 2395 ΙΙ
292 2352 363 2386 548
389 2348 546 2396 pruinas
571 2350 697 2397 vulyo,
720 2349 851 2386 ruinas
876 2350 980 2386 codd.
1014 2352 1027 2397 ΙΙ
1058 2352 1128 2385 558
1154 2350 1342 2395 quantum
1366 2349 1405 2385 P
1425 2350 1439 2397 ΙΙ

53 2399 126 2432 563
150 2408 309 2433 raucum
336 2398 370 2434 T
389 2402 395 2440 1
418 2396 580 2444 suspicit
604 2398 655 2434 Μ
662 2398 719 2446 ΤΙ
739 2397 879 2445 hospes
907 2397 957 2433 Μ
972 2398 985 2444 [1

131 2462 361 2492 Aramum
381 2465 428 2492 ed.
448 2465 479 2491 M
488 2472 506 2492 o
514 2464 535 2490 h
542 2472 565 2491 r.
1175 2462 1219 2495 18
