1592 2612
152 113 239 156 258
664 90 667 92 ’
698 108 904 146 CARMEN
928 108 973 145 v.

274 215 481 266 antiquum
514 212 706 252 mentitus
738 210 856 265 ebur3
887 215 980 263 post
1011 214 1125 251 caute
1158 209 1362 251 Laconum

271 275 482 314 marmoris
514 272 677 312 herbosi
709 271 868 311 radians
900 272 1111 311 interviret
1142 270 1252 311 ordo.

199 343 245 375 40
272 347 366 386 ergo
398 338 442 374 ut
475 345 516 373 se
548 332 721 373 mediam
755 331 853 371 solio
887 331 1017 385 dedit,
1050 330 1205 372 advolat
1236 332 1367 371 omnis

271 399 377 434 terra
410 393 539 434 simul.
602 398 689 432 tum
722 404 904 445 quaeque
937 404 1032 432 suos
1064 393 1271 445 provincia
1301 391 1460 433 fructus

272 455 473 507 exposuit:
506 453 584 493 fert
614 452 736 493 Indus
769 452 887 505 ebur,
920 451 1142 493 Chaldaeus
1175 464 1395 508 amomum,

270 515 455 567 Assyrius
488 526 682 567 gemmas,
715 512 789 553 Ser
820 512 985 567 vellera,
1017 517 1108 553 tura
1141 512 1336 567 Sabaeus,

269 575 399 615 Atthis
430 573 527 628 mel,
559 573 737 614 Phoenix
770 573 940 628 palmas,
971 573 1247 614 Lacedaemon
1278 573 1445 628 olivum,

197 644 242 676 45
269 637 390 675 Arcas
423 647 567 689 equos,
598 634 745 687 Epirus
778 646 921 688 equas,
953 635 1142 687 pecuaria
1174 633 1329 687 Gallus,

267 708 376 736 arma
409 694 597 750 Chalybs,
629 695 830 735 frumenta
861 694 1001 748 Libys,
1035 694 1261 748 Campanus
1292 694 1496 749 Iacchum,

268 768 408 796 aurum
439 755 591 809 Lydus,
622 754 748 795 Arabs
782 760 954 810 guttam,
986 754 1184 796 Panchaia
1215 755 1437 810 myrrham,

266 817 416 856 Pontus
450 820 648 870 castorea,
679 815 844 855 blattam
876 815 1026 869 TyruS,
1060 828 1152 856 aera
1185 815 1420 870 Corinthus3

267 877 451 917 Sardinia
483 881 710 930 argentum,
742 889 863 916 naves
895 876 1087 929 Hispania
1119 876 1268 931 defert,

196 946 239 977 50
266 937 445 977 fulminis
478 941 517 977 et
548 936 738 990 lapidem3
772 936 959 989 scopulos
991 936 1201 978 iaculabile
1234 936 1368 989 fulgur

263 998 370 1038 sucat
402 1002 442 1037 et
477 1009 686 1037 accensam
720 997 873 1037 silicem
906 997 1078 1038 fecunda
1109 999 1272 1038 maritat

265 1059 324 1098 ira
356 1058 491 1111 deum3
526 1059 709 1110 quotiens
743 1057 897 1098 caelum
931 1070 974 1098 se
1008 1062 1232 1098 commovet
1263 1057 1364 1112 illic,

266 1118 356 1170 plus
387 1118 444 1158 ibi
475 1122 583 1158 terra
614 1117 728 1158 valet.
793 1118 926 1158 subito
958 1119 1061 1158 flens
1092 1118 1225 1158 Africa
1258 1119 1396 1171 nigras

234 1195 237 1197 ·
265 1178 478 1231 procubuit
509 1178 680 1218 lacerata
713 1191 834 1231 genas
868 1183 909 1219 et
941 1191 1090 1220 cernua
1122 1179 1296 1219 frontem

195 1247 238 1279 55
266 1240 345 1278 iam
376 1239 478 1278 male
511 1239 701 1278 fecundas
732 1240 774 1279 in
807 1241 956 1279 vertice
989 1239 1110 1292 fregit
1141 1240 1285 1279 aristas

267 1311 312 1339 ac
345 1300 402 1339 sic
435 1311 524 1338 orsa
556 1298 682 1352 loqui:
715 1296 848 1339 evenio
880 1312 973 1352 pars
1005 1301 1125 1340 tertia
1156 1299 1316 1354 mundi,

267 1359 406 1399 infelix
438 1359 554 1399 felice
586 1372 678 1400 uno.
741 1360 886 1400 famula
920 1365 1030 1401 satus
1063 1361 1158 1400 olim

266 1419 330 1459 hic
362 1419 510 1472 praedo
543 1424 583 1460 et
614 1420 787 1460 dominis
821 1422 1009 1461 extinctis
1041 1420 1211 1461 barbara
1243 1420 1395 1460 dudum

268 1485 425 1532 sceptra
457 1485 567 1520 tenet
598 1481 741 1522 tellure
773 1494 861 1522 mea
892 1483 1136 1535 penitusque
1169 1481 1304 1534 fugata

196 1548 240 1580 60
266 1539 471 1580 nobilitate
504 1541 642 1581 furens
675 1541 780 1594 quod
813 1554 895 1582 non
928 1547 990 1582 est
1021 1555 1102 1582 non
1134 1546 1239 1582 amat
1270 1541 1429 1595 hospes.

266 1613 288 1639 o
320 1599 423 1640 Latii
455 1602 584 1653 sopite
617 1603 746 1655 vigor,
778 1608 846 1642 tua
876 1604 1036 1643 moenia
1069 1603 1175 1643 ridet

264 1661 423 1700 insidiis
456 1663 627 1702 cessisse
661 1664 763 1702 suis:
796 1675 877 1703 non
910 1665 1092 1704 concutis
1124 1659 1310 1703 hastam?

266 1733 346 1760 non
378 1733 450 1773 pro
483 1734 546 1761 me
579 1722 641 1762 vel
673 1727 787 1775 capta
819 1721 962 1764 doles?
1012 1729 1080 1764 tua
1110 1735 1256 1776 nempe
1288 1727 1487 1775 putantur

267 1793 432 1833 surgere
465 1782 543 1821 fata
576 1782 691 1822 malis
724 1788 764 1822 et
796 1783 943 1824 celsior
976 1797 1065 1824 esse
1098 1786 1226 1825 ruina.

194 1849 237 1880 (35
267 1841 338 1880 sed
370 1841 531 1896 melius,
564 1843 669 1895 quod
701 1848 834 1883 terror
866 1844 965 1884 abit:
998 1846 1078 1885 iam
1109 1847 1271 1885 vincere
1303 1847 1447 1897 restat,

266 1902 301 1940 si
332 1914 503 1955 pugnas,
535 1908 580 1942 ut
610 1904 714 1942 victa
747 1903 861 1943 soles.
924 1904 1130 1946 Porsenna
1162 1904 1380 1958 superbum

265 1960 527 2014 Tarquinium
561 1964 774 2015 inpingens
808 1965 1022 2017 complevit
1053 1966 1181 2006 milite
1213 1965 1344 2006 Tusco

264 2021 485 2061 Ianiculum
518 2023 739 2076 quondam3
773 2024 842 2063 sed
876 2025 970 2065 dum
1003 2038 1266 2079 perrumpere
1298 2030 1435 2078 portas

265 2080 472 2122 obsidione
505 2088 637 2138 parat,
670 2088 794 2123 totam
825 2090 864 2124 te
897 2086 1063 2138 pertulit
1095 2099 1176 2127 uno
1216 2087 1218 2089 ’

237 2200 282 2232 38
309 2197 412 2245 post]
440 2198 487 2233 de
516 2199 550 2234 Τ
573 2201 585 2244 {1
611 2202 657 2235 46
683 2199 798 2244 Libys
824 2202 947 2248 vulyo,
974 2202 1073 2238 libes
1099 2203 1203 2240 codd.
1224 2205 1236 2250 ΙΙ
1261 2215 1293 2239 v.
1314 2204 1365 2239 48
1391 2213 1460 2239 om.
1487 2202 1527 2237 P

141 2244 152 2292 Η
191 2247 236 2280 56
257 2249 344 2291 post
374 2245 481 2289 loqui
515 2248 600 2284 add.
630 2248 688 2283 est
717 2248 893 2291 GPTR·
924 2252 987 2287 sed
1017 2253 1063 2296 cf.
1092 2252 1196 2299 Very.
1218 2252 1311 2288 Aen.
1337 2250 1404 2296 VI,
1423 2253 1522 2296 125,-

146 2292 251 2330 Ovid.
272 2294 363 2330 Met.
384 2294 459 2339 IV,
479 2298 576 2341 320,·
615 2296 746 2332 Claud.
768 2296 932 2342 XVIII,
951 2301 1047 2345 391,-
1078 2300 1179 2337 Avit.
1201 2311 1313 2336 carm.
1333 2299 1393 2344 II,
1410 2301 1486 2336 240

143 2344 189 2378 58
216 2343 255 2377 et
285 2343 393 2378 maht
423 2343 539 2379 delere
571 2344 811 2390 Luetjohann
853 2347 865 2391 ss
909 2350 953 2382 60
987 2359 1007 2383 0
1041 2359 1127 2394 spes
1166 2348 1340 2385 Vatican.
1366 2350 1465 2385 3421

142 2393 188 2426 (35
215 2401 290 2436 quo
319 2389 486 2437 CPTF,
513 2403 598 2427 cum
623 2395 762 2439 (quom)
793 2394 1019 2440 Gustafsson
1040 2399 1045 2441 Ι
1069 2396 1167 2432 abiit
1193 2396 1243 2432 Μ
1248 2396 1318 2433 OT
1333 2397 1345 2442 ss
