1592 2612
341 140 574 178 SIDONIUS
599 140 848 178 DOMNULO
875 141 970 179 SUO
997 140 1241 179 SALUTEM.
1402 140 1492 185 103

93 244 159 284 vix
182 243 380 297 petissem
404 241 522 283 miles
549 255 572 282 a
597 243 761 296 sospite.
802 243 873 283 sed
905 248 946 283 et
971 242 1123 284 liberos
1149 245 1238 284 eius
1266 245 1322 284 ita
1348 244 1490 299 diligo,

92 308 138 345 ut
169 305 292 345 etiam
323 304 359 344 si
391 303 488 357 quid
520 303 734 344 adversum
767 305 938 344 cesserit
969 305 1112 359 amico,
1143 305 1202 345 nil
1234 306 1310 346 sim
1345 305 1394 346 ab
1421 305 1489 346 his

92 363 266 418 amplius
290 363 568 417 postulaturus
595 376 717 417 quam
742 366 823 405 mei
850 365 974 405 officii
1000 366 1103 405 ratio
1129 367 1342 418 permittit.
1389 379 1488 420 qua-

90 430 260 479 propter
290 424 424 466 scribe
457 424 642 466 sollicitis
676 420 858 481 (quoque
890 425 982 479 plus
1009 426 1177 466 credant
1208 426 1357 467 litteris
1390 428 1487 482 tuis,

90 498 204 526 meas
234 481 396 542 iunge),
429 487 615 539 quisquis
646 485 714 526 ille
746 486 871 527 fuerit
902 486 1108 540 languoris
1141 492 1329 542 eventus,
1363 501 1486 540 quem
1524 499 1544 527 5

91 551 229 587 tamen
254 546 372 587 fratri
396 558 640 599 prosperum
666 551 864 600 optamus,
892 547 1000 600 quod
1027 552 1067 587 et
1091 560 1271 589 annuum
1291 548 1487 590 solutioni

93 608 271 661 spatium
301 606 528 660 prorogabo
561 612 601 648 et
633 609 932 661 superpositam
964 608 1243 663 medietatem,
1276 621 1379 662 quae
1411 622 1487 663 per

91 680 241 708 usurae
272 680 422 708 nomen
453 669 641 723 accrevit,
673 668 917 723 indulgeam,
949 668 1035 709 sola
1061 669 1198 723 simpli
1223 671 1485 712 restitutione

91 724 335 770 contentus'.
401 727 438 770 7.
478 730 543 781 egi
574 729 624 769 ad
655 729 755 770 haec
788 731 937 782 gratias
970 729 1045 770 deo
1078 730 1295 785 maximas,
1332 730 1487 785 hospiti

88 801 268 843 magnas,
301 790 371 842 qui
404 791 463 830 sic
495 794 649 830 amaret
679 794 760 829 tam
795 802 910 830 suam
942 790 1088 830 famam
1121 803 1242 844 quam
1275 794 1485 833 conscien-
1504 807 1544 834 lo

92 851 202 904 tiam,
233 850 478 890 confirmans
511 852 686 891 amicum
710 852 972 903 praemittere
1000 851 1090 905 sibi,
1123 851 1231 904 quod
1258 852 1486 894 dimitteret

88 909 222 965 vobis,
260 915 380 964 atque
418 910 514 951 hinc
547 923 723 964 superna
755 924 880 964 regna
911 914 1103 966 mercari,
1143 912 1251 965 quod
1283 913 1485 955 beneficia

88 975 254 1011 terrena
274 983 356 1011 non
375 971 580 1012 venderet.
620 984 729 1026 erge,
757 972 864 1025 quod
884 977 1022 1026 restat,
1049 974 1218 1027 enitere,
1244 978 1290 1014 ut
1315 979 1482 1016 auctore

88 1036 128 1072 16
162 1033 348 1084 protinus
381 1031 515 1072 saltim
548 1033 800 1073 commodata
832 1045 989 1073 summa
1022 1033 1217 1088 solvatur,
1251 1036 1310 1074 sic
1342 1039 1387 1075 ut
1419 1037 1481 1076 in-

87 1096 230 1145 gentes
263 1092 527 1133 nihilominus
560 1094 709 1146 gratias
742 1106 836 1146 agas
862 1095 984 1133 etiam
1010 1096 1174 1135 nomine
1201 1094 1376 1150 illorum,
1411 1098 1482 1149 qui
1502 1110 1538 1137 15

86 1151 165 1193 tibi
203 1154 467 1206 germanitate
513 1155 720 1194 coniuncti
763 1154 847 1194 fors
891 1167 966 1208 per
1004 1160 1177 1195 aetatem
1217 1168 1358 1209 sapere
1398 1170 1480 1197 non

85 1218 269 1268 possunt,
295 1214 393 1267 quid
419 1216 600 1255 muneris
621 1219 934 1268 consequantur.
980 1214 1019 1257 8.
1046 1228 1129 1256 non
1155 1222 1218 1256 est
1244 1230 1318 1257 cur
1344 1217 1481 1259 dicere

85 1275 277 1327 incipias:
323 1271 467 1315 ‘habeo
506 1281 716 1316 consortes
754 1275 929 1316 necdum
967 1275 1169 1317 celebrata
1215 1277 1359 1318 divisio
1400 1284 1481 1333 est3

85 1335 245 1375 avarius
277 1347 342 1375 me
374 1340 532 1376 constat
564 1348 655 1376 esse
687 1341 906 1377 tractatum
935 1349 1055 1390 quam
1081 1337 1321 1392 coheredes;
1355 1339 1482 1380 frater

86 1407 132 1435 ac
158 1407 275 1435 soror
302 1395 376 1436 suh
403 1398 519 1436 annis
546 1396 676 1437 adhuc
701 1396 943 1438 tutelaribus
970 1403 1111 1452 agunt3
1145 1400 1277 1439 sorori
1303 1399 1478 1440 necdum
1498 1414 1536 1441 20

85 1456 270 1509 maritus,
302 1456 420 1496 fratri
446 1457 621 1497 necdum
647 1463 823 1512 curator,
855 1460 1033 1498 curatori
1059 1458 1233 1499 necdum
1260 1460 1479 1501 satisdator

86 1516 276 1556 inventus
308 1513 397 1556 est.'
450 1517 556 1570 quod
590 1518 755 1570 quidem
786 1523 917 1558 totum
949 1518 1221 1560 creditoribus
1252 1519 1370 1574 bene,
1405 1521 1476 1561 sed

84 1576 203 1617 malis
248 1576 415 1631 dicitur3
466 1583 506 1617 at
551 1590 643 1618 cum
690 1578 813 1619 habet
855 1578 947 1618 talis
992 1592 1167 1632 persona
1212 1586 1478 1635 contractum,

85 1649 189 1689 quae
221 1636 317 1677 velit
348 1637 530 1678 medium
561 1638 755 1692 relaxare,
789 1651 881 1679 cum
913 1644 1044 1679 totum
1075 1641 1205 1693 possit
1231 1643 1407 1695 exigere,
1441 1644 1476 1682 si

84 1709 239 1738 moram
265 1699 430 1752 patitur,
457 1699 650 1752 quicquid
676 1705 844 1752 propter
869 1700 1192 1740 misericordiam
1218 1708 1476 1743 concesserat
1497 1716 1535 1744 25

83 1759 169 1812 pie,
202 1759 307 1798 iuste
340 1760 519 1812 reposcit
550 1765 717 1813 propter
749 1761 952 1800 iniuriam.
1005 1760 1102 1800 vale.

712 1914 851 1958 XXV.

335 1995 565 2032 SIDONIUS
590 1996 836 2034 DOMNULO
865 1996 959 2034 SUO
987 1997 1230 2035 SALUTEM.

177 2070 215 2113 1.
248 2071 415 2126 Nequeo
441 2073 619 2127 differre,
648 2075 746 2127 quin
773 2074 936 2127 grandis
963 2077 1245 2115 communione
1273 2080 1311 2115 te
1339 2076 1476 2128 gaudii

84 2132 258 2173 festinus
291 2135 530 2187 inpertiam,
568 2135 761 2175 nimirum
794 2148 914 2175 nosse
948 2137 1197 2189 cupientem,
1231 2136 1327 2188 quid
1360 2142 1476 2189 pater

84 2198 224 2233 noster
262 2195 304 2233 in
337 2193 496 2234 Christo
535 2196 688 2246 pariter
727 2200 766 2235 et
807 2195 987 2248 pontifex
1026 2195 1188 2236 Patiens
1221 2195 1474 2238 Cabillonum
1492 2213 1530 2240 30

83 2253 290 2306 profectus
329 2266 440 2294 more
480 2254 708 2309 religionis,
751 2268 863 2296 more
903 2257 1151 2296 constantiae
1185 2269 1281 2297 suae
1320 2257 1473 2299 fecerit.

84 2325 179 2353 cum
198 2316 377 2354 venisset
396 2316 438 2354 in
459 2315 652 2367 oppidum
673 2318 994 2369 suprascriptum
1013 2316 1322 2369 provincialium
1340 2331 1473 2359 sacer·

181 2432 202 2464 2
230 2429 278 2465 ab
304 2429 365 2465 his
392 2441 460 2467 om.
490 2430 613 2478 01127
639 2433 751 2469 inser.
779 2444 846 2469 om.
874 2433 910 2468 L
928 2434 940 2479 ss
961 2435 1007 2467 30
1033 2431 1278 2470 cavilonnum
1303 2434 1394 2471 LN
1407 2438 1419 2482 fl
