1592 2612
152 118 242 162 294
681 114 889 152 CARMEN
913 114 994 152 vu.

271 219 467 260 detulerat
498 219 595 272 vim,
626 222 735 271 vota,
766 228 920 269 preces.
982 215 1115 271 locus,
1146 214 1246 255 hora
1278 214 1446 269 diesque

271 281 416 320 dicitur
447 280 616 331 imperio
650 278 763 331 felix,
796 290 841 316 ac
872 277 1059 329 protinus
1091 275 1174 316 illic

175 350 243 382 575
270 340 464 380 nobilium
496 338 684 379 excubias
717 338 894 390 gaudens
927 336 1105 376 sollertia
1136 335 1308 376 mandat.

331 400 465 440 Tertia
496 399 564 439 lux
597 399 749 451 refugis
781 397 1011 450 Hyperiona
1043 397 1203 437 fuderat
1235 398 1372 437 astris:

271 466 516 501 concurrunt
546 472 755 513 proceres,
788 471 833 498 ac
866 457 992 498 milite
1026 457 1271 498 circumfuso

272 533 414 573 aggere
448 521 669 572 composito
703 523 883 559 statuunt
918 531 963 558 ac
995 522 1139 571 torque
1175 522 1369 558 coronant

269 582 465 621 castrensi
496 584 694 620 maestum
727 580 956 632 donantque
989 579 1164 631 insignia
1196 579 1335 632 regni3

173 650 241 682 580
268 654 360 681 nam
391 642 504 694 prius
537 641 724 680 induerat
757 639 861 680 solas
895 640 943 679 de
976 640 1160 692 principe
1194 651 1324 679 curas.

267 701 373 742 haud
406 701 481 741 alio
514 701 715 754 quondam
748 700 859 741 vultu
892 699 1128 752 Tirynthius
1162 699 1284 739 heros

266 762 443 815 pondera
477 763 655 814 suscepit
687 761 788 801 caeli
821 760 940 800 simul
972 765 1091 813 atque
1124 772 1338 814 novercae,

269 835 360 862 cum
392 822 537 874 Libyca
571 835 613 862 se
647 834 745 874 rupe
779 820 899 874 Gigas
933 820 1179 861 subduceret
1210 824 1251 861 et
1282 832 1375 860 cum

266 884 391 922 tutior
422 882 619 922 Herculeo
653 882 825 922 sedisset
857 881 1041 922 machina
1074 881 1206 921 dorso.

172 950 240 983 585
326 942 441 983 Hunc
473 943 568 997 tihi,
600 942 743 997 Roma,
776 942 887 997 dedi,
919 941 1066 995 patulis
1094 941 1190 982 dum
1217 939 1343 981 Gallia
1375 941 1528 993 campis

268 1005 421 1043 intonat
453 1003 674 1055 Augustum
706 1003 851 1056 plausu
883 1003 1139 1055 faustumque
1172 1002 1372 1054 fragorem

266 1068 398 1116 portat
430 1065 472 1103 in
505 1076 748 1116 exsanguem
780 1063 929 1103 Boreas
962 1065 1042 1103 iam
1074 1063 1218 1102 fortior
1249 1063 1453 1102 Austrum.

266 1125 331 1164 hic
364 1123 438 1164 tibi
470 1125 657 1164 restituet
688 1123 841 1176 Libyen
872 1136 946 1177 per
977 1122 1136 1163 vincula
1169 1126 1327 1176 quarta,

271 1189 310 1224 et
342 1185 456 1224 cuius
490 1184 618 1224 solum
651 1186 819 1225 amissas
851 1188 943 1237 post
976 1183 1135 1224 saecula
1166 1182 1292 1223 multa

175 1253 243 1284 590
271 1244 495 1284 Pannonias
528 1246 728 1285 revocavit
760 1246 855 1299 iter,
887 1246 967 1284 iam
1000 1244 1167 1284 credere
1193 1247 1426 1296 promptum
1452 1247 1527 1298 est,

267 1305 362 1357 quid
395 1305 514 1345 faciat
545 1305 672 1345 bellis.
737 1318 758 1345 o
793 1318 892 1358 quas
924 1305 999 1345 tibi
1032 1317 1151 1357 saepe
1183 1303 1340 1356 iugabit

267 1365 432 1405 inflictis
466 1370 605 1417 gentes
638 1366 800 1421 aquilis,
834 1367 904 1419 qui
936 1366 1108 1405 maxima
1140 1365 1257 1417 regni

268 1427 400 1465 omina
431 1427 609 1478 privatus
642 1427 760 1480 fugit,
793 1439 885 1466 cum
917 1427 1021 1466 forte
1053 1426 1179 1465 vianti

267 1491 471 1526 excuteret
502 1499 672 1539 praepes
704 1486 911 1540 plebeium
942 1491 1076 1527 motus
1109 1483 1317 1526 amictum!

171 1554 239 1586 595
267 1545 408 1586 laetior
440 1551 479 1586 at
510 1551 620 1587 tanto
653 1547 771 1587 modo
804 1549 1007 1601 principe,
1039 1547 1173 1599 prisca
1205 1545 1375 1586 deorum

264 1605 388 1646 Roma
419 1619 583 1661 parens,
616 1607 749 1647 attolle
782 1620 905 1660 genas
938 1620 983 1647 ac
1015 1612 1135 1659 turpe
1166 1610 1379 1646 veternum

267 1666 438 1719 depone:
472 1680 522 1707 en
553 1669 742 1721 princeps
775 1668 894 1708 faciet
925 1669 1186 1708 iuvenescere
1219 1667 1365 1720 maior,

267 1739 386 1779 quam
418 1729 534 1779 pueri
566 1728 697 1768 fecere
732 1726 897 1768 senem'.
962 1729 1083 1768 finem
1115 1731 1230 1780 pater
1263 1738 1333 1766 ore

266 1788 330 1826 vix
363 1787 543 1827 dederat:
576 1788 760 1840 plausere
794 1789 858 1828 dei
890 1789 1156 1841 fremitusque
1190 1788 1371 1828 cucurrit

172 1855 241 1887 600
269 1847 450 1887 concilio.
515 1848 610 1887 felix
641 1853 801 1901 tempus
833 1862 981 1889 nevere
1015 1861 1177 1889 sorores

265 1908 466 1961 imperiis,
498 1907 693 1962 Auguste,
721 1910 800 1949 tuis
833 1914 873 1949 et
906 1909 1083 1949 consulis
1117 1920 1221 1949 anno

266 1967 370 2007 fulva
402 1967 643 2008 volubilibus
677 1969 878 2009 duxerunt
911 1969 1068 2010 saecula
1100 1970 1255 2022 pensis.

148 2095 216 2142 M]
242 2094 384 2130 thierni
405 2094 483 2141 OT,
510 2094 626 2131 tierni
649 2096 703 2142 F3
732 2096 874 2143 Ugerni
894 2097 1081 2134 Sirmond.
1101 2099 1204 2144 11580
1228 2107 1318 2132 nam
1343 2106 1427 2143 eyo;
1452 2094 1532 2130 iam

147 2144 252 2180 codd.
272 2145 285 2189 11
305 2147 374 2179 583
402 2143 539 2190 gigans
557 2143 635 2180 OF
654 2148 658 2182 1
682 2146 721 2180 et
741 2145 842 2192 cum]
864 2157 915 2181 om
935 2147 974 2181 et
992 2145 1094 2181 iam?
1113 2146 1126 2191 11
1147 2148 1217 2181 588
1237 2144 1384 2190 Libyen
1402 2144 1533 2191 vul-qm

150 2190 283 2227 libiem
304 2192 354 2226 Μ
360 2191 436 2237 GT,
463 2192 606 2238 lybiem
627 2192 668 2227 F
685 2195 697 2238 11
718 2196 786 2228 589
813 2193 951 2241 multa]
979 2195 1092 2229 tanta,
1112 2193 1163 2229 M
1166 2198 1184 2216 ὓ
1203 2195 1215 2240 11
1236 2197 1304 2229 592
1333 2191 1415 2240 qui]
1437 2202 1533 2238 quas

154 2240 230 2287 Μ11
250 2244 319 2276 593
347 2240 475 2275 omnia
501 2240 633 2277 MGF
653 2242 657 2287 1
680 2240 782 2276 fudit
805 2242 1010 2278 Mommsen
1028 2244 1039 2289 11
1059 2245 1128 2278 597
1157 2243 1196 2277 et
1222 2242 1299 2286 Μ11
