1592 2612
349 117 580 157 SIDONIUS
603 117 814 156 DONIDIO
842 118 936 156 SUO
964 117 1208 156 SALUTEM.
1410 117 1471 161 43

80 235 244 265 eramus
283 218 380 279 (hoc
416 223 489 262 uni
526 221 692 275 praedio
733 216 923 277 nomen),
961 221 1011 261 ad
1044 222 1223 262 sarcinas
1256 225 1297 261 et
1330 220 1471 261 dever-

81 286 237 326 sorium
273 283 420 338 pedem
451 281 747 337 referebamus3
787 283 822 322 si
853 281 1042 322 Prusiani
1074 278 1154 338 (sic
1186 281 1336 322 fundus
1369 281 1472 322 alter

80 339 423 400 nuncupabatur),
441 343 685 384 Tonantium
699 355 790 384 cum
811 342 1019 397 fratribus,
1038 342 1284 383 lectissimos
1298 354 1470 395 aequae-

80 418 224 447 vorum
248 404 447 446 nobilium
471 405 692 459 principes,
719 405 858 444 stratis
885 405 971 444 suis
991 403 1252 457 eiciebamus,
1278 404 1373 456 quia
1392 416 1470 444 nec

80 466 197 508 facile
229 465 373 507 crebro
405 464 600 506 cubilium
632 470 868 506 nostrorum
903 466 1174 505 instrumenta
1206 464 1468 505 circumfere-
1507 479 1525 506 5

78 527 238 568 bantur.
290 538 462 567 excusso
494 530 659 579 torpore
688 526 914 566 meridiano
940 525 1148 579 paulisper
1174 525 1469 580 equitabamus,

80 600 160 641 quo
193 587 351 629 facilius
381 591 547 640 pectora
578 587 757 627 marcida
790 586 893 627 cibis
920 588 1148 627 cenatoriae
1175 586 1272 626 fami
1298 598 1468 627 exacue-

77 661 229 690 remus.
292 647 332 690 8.
373 646 540 688 balneas
577 647 753 688 habebat
781 649 825 687 in
857 660 980 700 opere
1012 652 1186 700 uterque
1218 647 1385 701 hospes,
1424 648 1469 687 in

77 722 158 750 usu
186 714 350 764 neuter3
383 708 455 749 sed
487 721 580 749 cum
610 707 674 748 vel
698 707 965 762 pauxillulum
991 707 1132 748 bibere
1159 707 1334 748 desisset
1359 720 1467 749 asse-

78 769 263 812 cularum
293 782 479 810 meorum
516 768 840 822 famulorumque
872 768 991 809 turba
1024 770 1256 822 conpotrix,
1293 781 1467 822 quorum
1486 785 1523 811 10

80 830 261 871 cerebris
303 829 526 884 hospitales
570 834 774 870 creterrae
818 830 991 870 nimium
1035 831 1237 869 inmersae
1285 829 1467 870 domina-

78 890 244 946 bantur,
282 892 415 932 vicina
453 891 556 931 fonti
594 895 664 931 aut
700 890 823 931 fluvio
856 891 1003 943 raptim
1037 889 1193 930 scrobis
1225 889 1467 944 fodiebatur,

78 953 122 992 in
154 964 275 1006 quam
306 952 411 992 forte
444 964 536 992 cum
569 950 749 1004 lapidum
782 950 968 992 cumulus
994 950 1206 991 ambustus
1232 950 1467 991 demittere-

77 1017 158 1067 tur,
189 1018 305 1053 antro
338 1014 382 1053 in
411 1012 703 1065 hemisphaerii
741 1012 912 1052 formam
945 1011 1092 1065 corylis
1124 1011 1372 1052 flexibilibus
1404 1013 1466 1052 in-

76 1078 188 1114 texto
220 1073 329 1114 fossa
359 1073 623 1113 inardescens
656 1072 937 1127 operiebatur,
970 1073 1028 1112 sic
1060 1077 1214 1126 tamen,
1245 1078 1291 1112 ut
1323 1085 1463 1126 super·
1484 1087 1521 1114 15

76 1135 195 1174 iectis
233 1134 406 1175 Cilicum
449 1133 549 1174 velis
594 1135 772 1187 patentia
817 1132 1027 1174 intervalla
1067 1134 1272 1185 firgarum
1310 1132 1463 1174 lumine

79 1194 243 1235 excluso
280 1194 611 1249 tenebrarentur,
649 1207 840 1248 vaporem
877 1193 1092 1247 repulsura
1124 1193 1355 1248 salientem,
1394 1196 1465 1247 qui

76 1255 209 1296 undae
253 1255 450 1296 ferventis
493 1257 707 1308 aspergine
751 1255 967 1295 flammatis
1009 1254 1192 1295 silicibus
1237 1255 1462 1296 excuditur.

76 1313 116 1356 9.
154 1315 221 1356 hic
264 1315 383 1356 nobis
423 1316 687 1356 trahebantur
730 1316 854 1356 horae
894 1327 976 1355 non
1015 1314 1167 1368 absque
1206 1315 1464 1356 sermonibus

75 1375 194 1417 salsis
227 1376 574 1430 iocularibusque3
613 1389 715 1430 quos
747 1378 856 1416 inter
886 1376 1014 1416 halitu
1045 1375 1217 1416 nebulae
1251 1376 1462 1417 stridentis
1482 1392 1519 1419 20

76 1436 250 1490 oppletis
281 1437 554 1490 involutisque
586 1437 881 1478 saluberrimus
920 1436 1044 1477 sudor
1076 1436 1332 1491 eliciebatur3
1371 1450 1464 1491 quo,

79 1502 203 1550 prout
233 1496 439 1551 libuisset,
472 1498 600 1538 effuso
633 1497 846 1538 coctilibus
879 1499 995 1550 aquis
1028 1497 1333 1551 ingerebamur,
1366 1511 1464 1551 qua-

77 1570 250 1611 rumque
282 1558 368 1598 fotu
401 1558 642 1598 cruditatem
667 1563 848 1598 nostram
874 1563 1059 1610 tergente
1085 1557 1255 1598 resoluti
1281 1564 1350 1598 aut
1376 1559 1463 1599 fon-

75 1623 170 1658 tano
203 1618 397 1672 deinceps
435 1619 586 1671 frigore
618 1618 851 1671 putealique
883 1624 952 1658 aut
983 1618 1135 1658 fluviali
1167 1620 1284 1671 copia
1316 1619 1462 1660 solIda-

74 1677 236 1720 bamur:
276 1679 478 1732 siquidem
516 1678 703 1719 domibus
742 1679 900 1719 medius
939 1680 971 1718 it
1006 1678 1138 1719 Vardo
1177 1679 1344 1733 fluvius,
1382 1682 1463 1721 nisi
1483 1694 1518 1722 25

76 1751 169 1780 cum
210 1739 342 1780 deflua
379 1741 470 1780 nive
509 1745 650 1793 pastus
688 1739 893 1792 inpalluit,
931 1739 1046 1779 ssavis
1084 1739 1209 1779 ruber
1240 1739 1388 1792 glareis
1421 1747 1462 1781 et

74 1812 150 1852 per
193 1800 350 1841 alveum
394 1802 635 1854 perspicuus
682 1802 843 1853 quietus
885 1799 1192 1852 calculosusque
1237 1813 1370 1853 neque
1410 1801 1460 1841 ob

74 1860 151 1900 hoc
194 1862 331 1901 minus
374 1862 549 1914 piscium
593 1862 703 1901 ferax
745 1860 1021 1901 delicatorum.
1095 1858 1162 1901 10.
1201 1860 1380 1901 dicerem
1421 1868 1462 1902 et

75 1933 196 1961 cenas
222 1926 263 1961 et
289 1921 454 1974 quidem
479 1923 750 1975 unctissimas,
782 1923 863 1961 nisi
887 1923 1108 1962 terminum
1135 1926 1295 1961 nostrae
1323 1921 1460 1974 loqua-

75 1982 200 2035 citati,
226 1994 347 2035 quem
372 1982 615 2022 verecundia
641 1995 723 2022 non
747 1982 922 2036 adhibet,
950 1982 1086 2022 charta
1111 1983 1335 2036 posuisset3
1363 1995 1459 2035 qua-
1480 1998 1516 2025 30

75 2054 167 2082 rum
194 2055 354 2095 quoque
381 2042 590 2096 replicatio
618 2043 734 2083 fieret
759 2055 927 2083 amoena
953 2048 1131 2096 narratu,
1158 2044 1239 2082 nisi
1264 2042 1460 2095 epistulae

74 2108 235 2155 tergum
260 2103 433 2143 madidis
460 2103 669 2143 sordidare
696 2103 860 2143 calamis
887 2103 1234 2143 erubesceremus
1274 2103 1345 2143 sed
1366 2105 1461 2156 quia

75 2218 168 2264 angi
193 2219 281 2256 Mo
307 2222 320 2264 n
352 2223 374 2255 3
399 2220 694 2266 nuncupabatur
719 2220 853 2265 LNT,
880 2220 1123 2265 nuncupatur
1148 2219 1200 2255 Μ
1206 2219 1237 2256 G
1262 2222 1275 2265 Ι]
1309 2223 1352 2256 11
1380 2231 1458 2256 cre-

74 2268 201 2303 terrae
228 2267 323 2313 LN,
356 2269 528 2303 craterae
554 2268 680 2304 MGT
708 2271 719 2315 ΙΙ
752 2272 797 2304 12
824 2268 969 2304 scrobis
997 2268 1084 2303 LN
1085 2268 1095 2287 ¹
1124 2270 1232 2312 (corr.
1259 2269 1303 2304 in
1328 2269 1459 2305 scrobs

75 2315 167 2361 N’),
192 2315 322 2352 scrobs
342 2317 395 2352 M
398 2315 470 2353 GT
485 2317 498 2362 fl
520 2320 565 2352 14
583 2315 745 2352 flexibus
766 2317 801 2353 L
821 2319 833 2362 Ι]
853 2321 899 2352 22
926 2327 1164 2361 quarumque
1185 2316 1221 2352 L
1235 2317 1278 2361 V,
1305 2316 1458 2353 harum-

75 2374 149 2408 que
174 2365 240 2410 (qu
266 2375 372 2410 eras„
397 2364 424 2400 h
449 2366 492 2401 in
515 2376 590 2402 ras.
616 2369 660 2401 ut
684 2366 760 2402 vid.
787 2365 914 2410 N¹)N
917 2365 963 2400 M
971 2364 1041 2401 CT
1058 2366 1069 2409 ΙΙ
1091 2368 1136 2399 25
1163 2364 1195 2401 it
1220 2365 1263 2401 in
1287 2377 1361 2402 ras.
1383 2366 1459 2412 M1,

74 2421 144 2448 om.
167 2412 211 2459 T,
236 2414 276 2448 et
300 2413 349 2458 L,
375 2414 415 2449 et
439 2424 531 2450 corr.
558 2414 601 2449 in
626 2412 660 2448 it
685 2413 743 2449 N‘
761 2415 774 2460 [1
793 2417 839 2449 26
865 2412 1004 2449 rubens
1033 2412 1065 2449 Ο
1078 2415 1091 2459 ΙΙ
