1592 2612
136 94 225 138 344

637 98 846 136 CARMEN
870 98 1005 137 XXIII.

353 199 525 239 intrares
557 200 843 241 venerantibus
876 200 1108 254 Sygambris

353 259 450 299 solis
480 260 661 301 moribus
693 262 800 301 inter
832 274 942 301 arma
973 267 1104 318 tutus,

348 324 392 359 tu
422 319 617 361 Maeotida
651 321 894 374 Caspiasque
926 328 1085 378 portas,

347 384 391 419 tu
423 379 541 420 fluxis
574 383 750 434 equitata
782 382 923 423 Bactra
954 382 1114 425 Parthis

251 447 321 480 250
349 445 535 480 constans
569 442 875 495 intrepidusque
909 445 967 483 sic
994 444 1146 500 adires,

245 748 314 780 255

241 1050 310 1083 260

237 1351 306 1383 265

233 1652 304 1685 270

230 1953 299 1986 275

226 2253 295 2287 280

346 505 390 540 ut
422 501 525 541 fastu
557 504 690 554 posito
723 505 916 544 tumentis
949 504 1062 545 aulae

346 562 415 613 qui
447 574 567 614 supra
599 567 779 616 satrapas
812 564 926 604 sedet
957 570 1156 618 tyrannus

344 625 507 661 ructans
541 623 763 664 semideum
794 626 1119 678 propinquitates

343 680 523 722 lunatum
556 682 631 723 tibi
663 684 846 725 flecteret
877 687 1032 727 tiaram.

341 746 403 795 tu,
437 744 471 782 si
503 743 663 795 publica
695 745 774 785 fat-a
806 758 888 786 non
920 752 1120 802 vetarent,

339 806 384 841 ut
415 801 581 855 Byrsam
613 810 774 857 peteres
806 806 869 846 vel
900 806 1110 849 Africanae

338 861 494 903 telluris
527 864 776 906 Tanaiticum
810 866 1022 922 rebellem,

338 923 550 963 confestim
582 927 713 977 posito
747 927 882 967 furore
915 928 1054 970 Martis

337 988 429 1035 post
459 986 626 1036 piratica
659 987 803 1027 damna
837 989 1059 1030 destinaret

335 1042 474 1095 plenas
507 1046 711 1087 mercibus
744 1050 908 1089 institor
940 1052 1118 1104 carinas,

338 1109 377 1143 et
407 1117 481 1156 per
512 1110 550 1146 te
583 1105 686 1147 bene
719 1121 817 1161 pace
850 1111 1038 1151 restituta

335 1176 415 1203 non
447 1164 551 1206 ultra
582 1167 682 1207 mihi
714 1168 818 1209 bella
849 1171 1096 1223 navigarent.

394 1224 476 1264 Iam
509 1228 543 1266 si
576 1230 681 1268 seria
713 1229 815 1270 forte
848 1233 1134 1272 terminantem

334 1288 373 1323 te
407 1287 632 1337 spectacula
666 1296 856 1342 ceperant
887 1290 1053 1345 theatri,

333 1344 505 1396 pallebat
537 1348 684 1389 chorus
717 1353 848 1391 omnis
879 1352 1145 1408 histrionum,

335 1409 533 1458 tamquam
567 1410 601 1448 si
632 1410 870 1452 Arcitenens
902 1425 1127 1466 novemque
1159 1414 1299 1456 Musae

329 1471 495 1518 propter
526 1468 679 1522 pulpita
711 1472 866 1512 iudices
899 1473 1102 1515 sederent.

331 1538 464 1566 coram
496 1532 535 1567 te
570 1529 815 1572 Caramallus
849 1538 917 1574 aut
947 1533 1154 1576 Phabaton

333 1585 479 1627 clausis
512 1589 695 1631 faucibus
729 1598 768 1632 et
801 1592 990 1646 loquente
1023 1600 1141 1647 gestu

331 1652 449 1700 nutu,
482 1661 617 1704 crure,
650 1664 773 1706 genu,
805 1666 944 1708 manu,
977 1660 1111 1696 rotatu

328 1710 411 1745 toto
444 1709 486 1747 in
520 1710 721 1752 schemate
754 1713 817 1753 vel
850 1715 975 1755 semel
1007 1715 1164 1771 latebit,

329 1768 411 1806 sive
444 1768 602 1810 Aeetias
636 1777 675 1812 et
708 1785 805 1814 suus
837 1774 955 1815 Iason

327 1826 575 1870 inducuntur
606 1830 663 1871 ibi
695 1833 886 1887 ferusque
921 1835 1080 1889 Phasis,

328 1888 397 1938 qui
428 1889 553 1929 iactos
587 1904 709 1944 super
741 1907 833 1934 arva
867 1895 1013 1937 Colcha
1047 1897 1189 1939 dentes

327 1950 502 2003 expavit,
535 1950 750 1994 fruticante
784 1968 875 1995 cum
909 1956 1043 1997 duello

326 2009 448 2059 spicis
482 2011 634 2062 spicula
666 2015 790 2054 mixta
823 2016 1087 2071 fluctuarent3

325 2068 407 2106 sive
439 2071 605 2121 prandia
640 2075 730 2124 quis
764 2076 890 2116 refert
921 2077 1118 2131 Thyestae

325 2139 397 2167 seu
429 2135 602 2185 vestros,
636 2133 855 2175 Philomela
887 2142 1020 2192 torva,
1053 2138 1258 2194 planctus,

323 2186 571 2241 discerptum
604 2198 673 2233 aut
703 2207 876 2246 puerum
910 2198 1126 2252 cibumque
1160 2200 1310 2241 factum

323 2248 483 2288 iamiam
516 2253 698 2305 coniugis
731 2256 1043 2314 innocentiori83

200 2376 271 2410 256
298 2374 359 2422 ut]
386 2376 425 2411 et
453 2376 509 2424 ΟΙΙ
531 2382 596 2414 271
625 2380 775 2418 latebat
803 2383 849 2419 Ca
868 2387 880 2431 Η
