1592 2612
612 73 822 110 CARMEN
846 73 982 111 XXIII.
1398 72 1489 116 343

319 176 515 230 quicquid
547 175 858 229 grammaticalis
890 180 959 216 aut
989 174 1212 229 palaestrae
1245 179 1326 230 est,

321 238 428 278 sicut
457 238 538 277 iam
568 242 687 277 tener
717 237 929 290 hauseras,
960 238 1122 276 vorasti.

322 302 364 338 et
393 299 474 338 iam
505 302 546 338 te
578 297 667 338 aula
698 297 792 338 tulit
822 299 995 350 piusque
1027 298 1220 350 princeps

220 366 295 400 215
321 360 429 399 inter
460 359 701 411 conspicuos
727 359 864 398 statim
889 357 1052 411 locavit,

321 420 562 460 consistoria
593 431 694 472 quos
726 418 892 472 habent,
924 418 1136 472 tribunos3

322 481 482 533 iamque
515 484 556 520 et
586 492 817 532 purpureus
850 481 893 519 in
925 491 1017 519 arce
1050 480 1168 531 regni

321 552 512 594 praeesse
545 540 691 580 officiis
723 542 805 580 tuis
839 539 1010 593 solebat,

324 613 457 641 mores
489 600 698 641 nobilitate
731 600 839 653 quod
870 599 1100 640 merebant:

222 669 296 703 220
323 666 481 702 tantum
512 661 702 702 culminis
735 666 775 701 et
807 661 932 701 decus
966 659 1211 713 stupendum

324 723 467 775 scripti
498 721 710 762 annalibus
742 722 923 762 indicant
954 721 1143 761 honores.

383 782 487 823 Hinc
519 787 564 823 tu
595 781 781 822 militiam
815 787 978 822 secutus
1012 780 1203 835 amplam,

323 848 572 884 castrensem
603 842 699 883 licet
730 842 923 896 ampliare
957 854 1125 882 censum

322 916 397 957 per
429 904 619 956 suffragia
654 905 759 943 iusta
793 903 1022 956 debuisses,

227 971 299 1004 225
326 963 534 1004 sollemnis
566 970 702 1004 tamen
734 963 942 1004 abstinens
975 962 1110 1004 lucelli

324 1025 428 1065 fama
459 1024 551 1077 plus
583 1024 764 1077 locuples
797 1024 962 1064 domum
994 1023 1138 1064 redisti

328 1084 477 1138 solum,
511 1085 616 1138 quod
651 1084 842 1139 dederas,
877 1090 989 1124 tuum
1021 1083 1212 1137 putando.

323 1150 411 1186 tum
443 1147 479 1186 si
510 1145 614 1186 forte
646 1145 744 1198 fuit,
777 1145 884 1198 quod
917 1146 1138 1198 imperator

322 1205 427 1246 ans
460 1207 591 1246 soceri
623 1207 762 1246 venire
795 1207 838 1246 in
871 1218 990 1246 aures

226 1275 298 1308 230
325 1266 404 1307 fido
436 1268 659 1319 interprete
692 1266 812 1306 vellet
843 1271 883 1306 et
915 1267 1065 1319 perito,

325 1332 364 1367 te
398 1328 640 1367 commercia
672 1326 846 1379 duplicis
878 1326 1060 1379 loquelae

324 1387 488 1427 doctum
520 1386 675 1433 solvere
707 1383 897 1440 protinus
927 1386 1096 1439 legebat.

325 1459 368 1500 o,
401 1447 538 1500 sodes,
570 1448 757 1500 quotiens
789 1447 866 1487 tibi
898 1446 1080 1499 loquenti

323 1507 544 1561 Byzantina
577 1507 724 1560 sophos
758 1507 906 1547 dedere
939 1519 1083 1561 regna,

226 1577 300 1610 235
328 1573 368 1608 et
399 1572 438 1608 te
473 1580 544 1608 seu
577 1567 783 1608 Latialiter
815 1572 1026 1607 sonantem

325 1634 530 1681 tamquam
562 1627 754 1668 Romulea
787 1633 918 1668 satum
951 1627 1130 1681 Subura,

326 1701 399 1729 seu
431 1688 591 1741 linguae
624 1688 831 1741 Argolicae
864 1688 1110 1728 rotunditate

325 1749 543 1790 undantem
574 1749 807 1789 Marathone
840 1761 915 1789 ceu
947 1753 1129 1788 creatum

325 1809 564 1863 plaudentes
598 1815 790 1862 stupuere
824 1809 1092 1862 Bosphorani,

228 1878 300 1912 240
326 1871 464 1910 mirati
495 1872 630 1910 minus
662 1870 815 1910 Atticos
848 1867 1048 1910 alumnos!

324 1931 419 1971 hinc
452 1932 487 1970 si
519 1930 681 1970 foedera
713 1930 966 1970 solverentur
999 1928 1128 1982 orbis,

327 2003 468 2044 pacem
500 1995 539 2031 te
572 1991 705 2031 medio
738 1990 880 2031 darent
914 1991 1069 2030 seroces

327 2051 512 2105 Chunus,
545 2050 821 2105 Sauromates,
855 2050 993 2103 Getes,
1026 2049 1221 2103 Gelonus3

327 2117 371 2152 tu
403 2111 608 2152 Tuncrum
642 2116 682 2152 et
713 2111 933 2165 Vachalim,
966 2110 1173 2164 Visurgin,
1206 2109 1343 2164 Albin,

229 2180 300 2213 245
327 2171 576 2212 Francorum
609 2177 650 2212 et
680 2173 956 2225 penitissimas
990 2170 1156 2223 paludes

205 2316 274 2349 217
303 2323 468 2358 namque
503 2312 614 2349 OPT
654 2314 667 2358 ΙΙ
711 2315 780 2348 235
805 2310 1000 2348 latiariter
1027 2311 1063 2346 P
1102 2314 1114 2358 ΙΙ
1158 2314 1230 2348 244
1256 2311 1497 2358 Tungrorum

105 2360 309 2398 Vachalim
337 2362 555 2398 dubitanter
580 2362 785 2399 Mommsen
804 2362 817 2407 11
