<?xml version="1.0" encoding="UTF-8"?>
<!DOCTYPE html PUBLIC "-//W3C//DTD XHTML 1.0 Transitional//EN"
    "http://www.w3.org/TR/xhtml1/DTD/xhtml1-transitional.dtd">
<html xmlns="http://www.w3.org/1999/xhtml" xml:lang="en" lang="en">
 <head>
  <title>
</title>
<meta http-equiv="Content-Type" content="text/html;charset=utf-8" />
  <meta name='ocr-system' content='tesseract 3.04.00' />
  <meta name='ocr-capabilities' content='ocr_page ocr_carea ocr_par ocr_line ocrx_word'/>
</head>
<body>
  <div class='ocr_page' id='page_1' title='image "./csolliusapollina00sidouoft_0163.png"; bbox 0 0 1592 2612; ppageno 0'>
   <div class='ocr_carea' id='block_1_1' title="bbox 285 114 1459 158">
    <p class='ocr_par' dir='ltr' id='par_1_1' title="bbox 285 114 1459 158">
     <span class='ocr_line' id='line_1_1' title="bbox 285 114 1459 158; baseline 0.004 -4"><span class='ocrx_word' id='word_1_1' title='bbox 285 115 515 155; x_wconf 78' lang='lat' dir='ltr'>SIDONIUS</span> <span class='ocrx_word' id='word_1_2' title='bbox 539 115 848 153; x_wconf 81' lang='lat' dir='ltr'><strong>THAUMASTO</strong></span> <span class='ocrx_word' id='word_1_3' title='bbox 874 115 968 153; x_wconf 90' lang='lat' dir='ltr'><strong>SUO</strong></span> <span class='ocrx_word' id='word_1_4' title='bbox 995 114 1241 153; x_wconf 77' lang='lat' dir='ltr'><strong>SALUTEM.</strong></span> <span class='ocrx_word' id='word_1_5' title='bbox 1372 115 1459 158; x_wconf 89' lang='lat'><strong>111</strong></span> 
     </span>
    </p>
   </div>
   <div class='ocr_carea' id='block_1_2' title="bbox 16 217 1516 2211">
    <p class='ocr_par' dir='ltr' id='par_1_2' title="bbox 68 217 1462 275">
     <span class='ocr_line' id='line_1_2' title="bbox 68 217 1462 275; baseline -0.003 -14"><span class='ocrx_word' id='word_1_6' title='bbox 68 220 109 261; x_wconf 84' lang='lat' dir='ltr'><strong>si</strong></span> <span class='ocrx_word' id='word_1_7' title='bbox 138 224 255 275; x_wconf 82' lang='lat' dir='ltr'><strong>petas</strong></span> <span class='ocrx_word' id='word_1_8' title='bbox 286 220 408 260; x_wconf 86' lang='lat' dir='ltr'><strong>etiam</strong></span> <span class='ocrx_word' id='word_1_9' title='bbox 439 218 551 260; x_wconf 92' lang='lat' dir='ltr'><strong>nullo</strong></span> <span class='ocrx_word' id='word_1_10' title='bbox 583 218 820 258; x_wconf 86' lang='lat' dir='ltr'><strong>adversante</strong></span> <span class='ocrx_word' id='word_1_11' title='bbox 851 217 1115 272; x_wconf 87' lang='lat' dir='ltr'><strong>heneficium,</strong></span> <span class='ocrx_word' id='word_1_12' title='bbox 1150 219 1262 271; x_wconf 88' lang='lat' dir='ltr'><strong>piget</strong></span> <span class='ocrx_word' id='word_1_13' title='bbox 1292 219 1462 271; x_wconf 88' lang='lat' dir='ltr'><strong>promit-</strong></span> 
     </span>
    </p>

    <p class='ocr_par' dir='ltr' id='par_1_3' title="bbox 16 277 1516 2211">
     <span class='ocr_line' id='line_1_3' title="bbox 16 277 1461 334; baseline -0.003 -11"><span class='ocrx_word' id='word_1_14' title='bbox 16 295 21 301; x_wconf 90' lang='lat'>·</span> <span class='ocrx_word' id='word_1_15' title='bbox 67 286 158 322; x_wconf 84' lang='lat' dir='ltr'><strong>tere</strong></span> <span class='ocrx_word' id='word_1_16' title='bbox 188 280 316 334; x_wconf 88' lang='lat' dir='ltr'><strong>pudet</strong></span> <span class='ocrx_word' id='word_1_17' title='bbox 345 291 495 333; x_wconf 89' lang='lat' dir='ltr'><strong>negare</strong></span> <span class='ocrx_word' id='word_1_18' title='bbox 526 280 707 332; x_wconf 91' lang='lat' dir='ltr'><strong>paenitet</strong></span> <span class='ocrx_word' id='word_1_19' title='bbox 736 279 1003 332; x_wconf 83' lang='lat' dir='ltr'><strong>praestitisse.</strong></span> <span class='ocrx_word' id='word_1_20' title='bbox 1067 277 1107 320; x_wconf 87' lang='lat'><strong>3.</strong></span> <span class='ocrx_word' id='word_1_21' title='bbox 1139 278 1183 319; x_wconf 92' lang='lat' dir='ltr'><strong>hi</strong></span> <span class='ocrx_word' id='word_1_22' title='bbox 1215 283 1323 333; x_wconf 85' lang='lat' dir='ltr'><strong>sunt,</strong></span> <span class='ocrx_word' id='word_1_23' title='bbox 1362 290 1461 331; x_wconf 92' lang='lat' dir='ltr'><strong>quo-</strong></span> 
     </span>
     <span class='ocr_line' id='line_1_4' title="bbox 67 338 1462 395; baseline -0.003 -12"><span class='ocrx_word' id='word_1_24' title='bbox 67 354 162 383; x_wconf 88' lang='lat' dir='ltr'><strong>rum</strong></span> <span class='ocrx_word' id='word_1_25' title='bbox 206 341 499 395; x_wconf 82' lang='lat' dir='ltr'><strong>comparationi</strong></span> <span class='ocrx_word' id='word_1_26' title='bbox 543 340 715 393; x_wconf 86' lang='lat' dir='ltr'>digitum</span> <span class='ocrx_word' id='word_1_27' title='bbox 758 338 949 380; x_wconf 90' lang='lat' dir='ltr'><strong>tollerent</strong></span> <span class='ocrx_word' id='word_1_28' title='bbox 989 339 1206 380; x_wconf 84' lang='lat' dir='ltr'><strong>Narcissus</strong></span> <span class='ocrx_word' id='word_1_29' title='bbox 1246 339 1462 393; x_wconf 84' lang='lat' dir='ltr'><strong>Asiaticus,</strong></span> 
     </span>
     <span class='ocr_line' id='line_1_5' title="bbox 67 399 1461 455; baseline -0.004 -11"><span class='ocrx_word' id='word_1_30' title='bbox 67 402 201 444; x_wconf 74' lang='lat' dir='ltr'><strong>Massa</strong></span> <span class='ocrx_word' id='word_1_31' title='bbox 230 400 456 455; x_wconf 78' lang='lat' dir='ltr'><strong>Marcellus,</strong></span> <span class='ocrx_word' id='word_1_32' title='bbox 489 400 616 441; x_wconf 89' lang='lat' dir='ltr'><strong>Carus</strong></span> <span class='ocrx_word' id='word_1_33' title='bbox 649 399 910 454; x_wconf 85' lang='lat' dir='ltr'><strong>Parthenius,</strong></span> <span class='ocrx_word' id='word_1_34' title='bbox 942 399 1108 441; x_wconf 87' lang='lat' dir='ltr'><strong>Licinus</strong></span> <span class='ocrx_word' id='word_1_35' title='bbox 1142 405 1182 440; x_wconf 91' lang='lat' dir='ltr'><strong>et</strong></span> <span class='ocrx_word' id='word_1_36' title='bbox 1212 399 1355 440; x_wconf 86' lang='lat' dir='ltr'><strong>Pallas.</strong></span> <span class='ocrx_word' id='word_1_37' title='bbox 1418 399 1461 439; x_wconf 94' lang='lat' dir='ltr'><strong>hi</strong></span> 
     </span>
     <span class='ocr_line' id='line_1_6' title="bbox 66 461 1516 519; baseline -0.003 -15"><span class='ocrx_word' id='word_1_38' title='bbox 66 468 183 519; x_wconf 84' lang='lat' dir='ltr'><strong>sunt,</strong></span> <span class='ocrx_word' id='word_1_39' title='bbox 220 464 291 516; x_wconf 89' lang='lat' dir='ltr'><strong>qui</strong></span> <span class='ocrx_word' id='word_1_40' title='bbox 321 461 505 503; x_wconf 86' lang='lat' dir='ltr'><strong>invident</strong></span> <span class='ocrx_word' id='word_1_41' title='bbox 534 462 728 502; x_wconf 92' lang='lat' dir='ltr'><strong>tunicatis</strong></span> <span class='ocrx_word' id='word_1_42' title='bbox 761 462 842 501; x_wconf 92' lang='lat' dir='ltr'><strong>otia</strong></span> <span class='ocrx_word' id='word_1_43' title='bbox 881 461 1083 514; x_wconf 89' lang='lat' dir='ltr'><strong>stipendia</strong></span> <span class='ocrx_word' id='word_1_44' title='bbox 1120 461 1341 514; x_wconf 81' lang='lat' dir='ltr'><strong>paludatis,</strong></span> <span class='ocrx_word' id='word_1_45' title='bbox 1378 462 1460 500; x_wconf 84' lang='lat' dir='ltr'><strong>via·</strong></span> <span class='ocrx_word' id='word_1_46' title='bbox 1498 472 1516 499; x_wconf 84' lang='lat'>5</span> 
     </span>
     <span class='ocr_line' id='line_1_7' title="bbox 67 521 1460 575; baseline -0.003 -10"><span class='ocrx_word' id='word_1_47' title='bbox 67 525 149 565; x_wconf 88' lang='lat' dir='ltr'><strong>tica</strong></span> <span class='ocrx_word' id='word_1_48' title='bbox 178 523 426 564; x_wconf 81' lang='lat' dir='ltr'><strong>veraedariis</strong></span> <span class='ocrx_word' id='word_1_49' title='bbox 457 521 754 562; x_wconf 87' lang='lat' dir='ltr'><strong>mercatoribus</strong></span> <span class='ocrx_word' id='word_1_50' title='bbox 785 521 1007 575; x_wconf 86' lang='lat' dir='ltr'><strong>nundinas,</strong></span> <span class='ocrx_word' id='word_1_51' title='bbox 1044 521 1286 562; x_wconf 89' lang='lat' dir='ltr'><strong>munuscula</strong></span> <span class='ocrx_word' id='word_1_52' title='bbox 1317 521 1460 574; x_wconf 90' lang='lat' dir='ltr'><strong>legatis</strong></span> 
     </span>
     <span class='ocr_line' id='line_1_8' title="bbox 64 581 1459 639; baseline -0.002 -14"><span class='ocrx_word' id='word_1_53' title='bbox 64 585 248 639; x_wconf 84' lang='lat' dir='ltr'><strong>portoria</strong></span> <span class='ocrx_word' id='word_1_54' title='bbox 280 582 676 638; x_wconf 83' lang='lat' dir='ltr'><strong>quadruplatoribus,</strong></span> <span class='ocrx_word' id='word_1_55' title='bbox 713 582 879 635; x_wconf 90' lang='lat' dir='ltr'><strong>praedia</strong></span> <span class='ocrx_word' id='word_1_56' title='bbox 916 582 1233 635; x_wconf 81' lang='lat' dir='ltr'><strong>provincialibus</strong></span> <span class='ocrx_word' id='word_1_57' title='bbox 1271 581 1459 623; x_wconf 92' lang='lat' dir='ltr'><strong>flamonia</strong></span> 
     </span>
     <span class='ocr_line' id='line_1_9' title="bbox 65 643 1459 699; baseline -0.003 -12"><span class='ocrx_word' id='word_1_58' title='bbox 65 644 363 699; x_wconf 82' lang='lat' dir='ltr'><strong>municipibus,</strong></span> <span class='ocrx_word' id='word_1_59' title='bbox 413 644 582 684; x_wconf 85' lang='lat' dir='ltr'><strong>arcariis</strong></span> <span class='ocrx_word' id='word_1_60' title='bbox 631 643 812 697; x_wconf 92' lang='lat' dir='ltr'><strong>pondera</strong></span> <span class='ocrx_word' id='word_1_61' title='bbox 855 655 1069 683; x_wconf 87' lang='lat' dir='ltr'><strong>mensuras</strong></span> <span class='ocrx_word' id='word_1_62' title='bbox 1114 643 1269 684; x_wconf 90' lang='lat' dir='ltr'><strong>allectis</strong></span> <span class='ocrx_word' id='word_1_63' title='bbox 1315 643 1459 683; x_wconf 88' lang='lat' dir='ltr'><strong>salaria</strong></span> 
     </span>
     <span class='ocr_line' id='line_1_10' title="bbox 63 703 1459 760; baseline -0.002 -13"><span class='ocrx_word' id='word_1_64' title='bbox 63 705 295 760; x_wconf 87' lang='lat' dir='ltr'><strong>tabulariis,</strong></span> <span class='ocrx_word' id='word_1_65' title='bbox 333 705 622 758; x_wconf 91' lang='lat' dir='ltr'><strong>dispositiones</strong></span> <span class='ocrx_word' id='word_1_66' title='bbox 658 705 903 744; x_wconf 89' lang='lat' dir='ltr'><strong>numerariis</strong></span> <span class='ocrx_word' id='word_1_67' title='bbox 934 706 1204 757; x_wconf 90' lang='lat' dir='ltr'><strong>praetorianis</strong></span> <span class='ocrx_word' id='word_1_68' title='bbox 1243 703 1459 758; x_wconf 83' lang='lat' dir='ltr'><strong>sportulaS,</strong></span> 
     </span>
     <span class='ocr_line' id='line_1_11' title="bbox 68 764 1516 818; baseline -0.002 -11"><span class='ocrx_word' id='word_1_69' title='bbox 68 765 301 807; x_wconf 86' lang='lat' dir='ltr'><strong>civitatibus</strong></span> <span class='ocrx_word' id='word_1_70' title='bbox 319 765 499 806; x_wconf 92' lang='lat' dir='ltr'><strong>indutias</strong></span> <span class='ocrx_word' id='word_1_71' title='bbox 518 764 728 817; x_wconf 80' lang='lat' dir='ltr'><strong>vectigalia</strong></span> <span class='ocrx_word' id='word_1_72' title='bbox 746 764 988 818; x_wconf 91' lang='lat' dir='ltr'><strong>publicanis,</strong></span> <span class='ocrx_word' id='word_1_73' title='bbox 1007 766 1278 805; x_wconf 87' lang='lat' dir='ltr'><strong>reverentiam</strong></span> <span class='ocrx_word' id='word_1_74' title='bbox 1298 764 1459 805; x_wconf 87' lang='lat' dir='ltr'><strong>clericis</strong></span> <span class='ocrx_word' id='word_1_75' title='bbox 1480 777 1516 805; x_wconf 82' lang='lat'><strong>10</strong></span> 
     </span>
     <span class='ocr_line' id='line_1_12' title="bbox 68 824 1460 881; baseline -0.002 -13"><span class='ocrx_word' id='word_1_76' title='bbox 68 829 271 881; x_wconf 84' lang='lat' dir='ltr'><strong>originem</strong></span> <span class='ocrx_word' id='word_1_77' title='bbox 289 825 508 880; x_wconf 89' lang='lat' dir='ltr'><strong>nobilibus,</strong></span> <span class='ocrx_word' id='word_1_78' title='bbox 534 837 772 866; x_wconf 89' lang='lat' dir='ltr'><strong>consessum</strong></span> <span class='ocrx_word' id='word_1_79' title='bbox 796 824 1004 878; x_wconf 89' lang='lat' dir='ltr'><strong>prioribus</strong></span> <span class='ocrx_word' id='word_1_80' title='bbox 1025 838 1290 878; x_wconf 87' lang='lat' dir='ltr'><strong>congressum</strong></span> <span class='ocrx_word' id='word_1_81' title='bbox 1314 837 1460 878; x_wconf 87' lang='lat' dir='ltr'><strong>aequa-</strong></span> 
     </span>
     <span class='ocr_line' id='line_1_13' title="bbox 66 885 1460 942; baseline -0.002 -13"><span class='ocrx_word' id='word_1_82' title='bbox 66 887 189 942; x_wconf 90' lang='lat' dir='ltr'><strong>libus,</strong></span> <span class='ocrx_word' id='word_1_83' title='bbox 221 888 366 928; x_wconf 91' lang='lat' dir='ltr'><strong>cinctis</strong></span> <span class='ocrx_word' id='word_1_84' title='bbox 397 888 487 927; x_wconf 87' lang='lat' dir='ltr'><strong>iura</strong></span> <span class='ocrx_word' id='word_1_85' title='bbox 520 886 731 926; x_wconf 89' lang='lat' dir='ltr'><strong>discinctis</strong></span> <span class='ocrx_word' id='word_1_86' title='bbox 756 885 979 939; x_wconf 85' lang='lat' dir='ltr'><strong>privilegia,</strong></span> <span class='ocrx_word' id='word_1_87' title='bbox 1011 885 1170 926; x_wconf 91' lang='lat' dir='ltr'><strong>scholas</strong></span> <span class='ocrx_word' id='word_1_88' title='bbox 1196 885 1460 926; x_wconf 89' lang='lat' dir='ltr'><strong>instituendis</strong></span> 
     </span>
     <span class='ocr_line' id='line_1_14' title="bbox 67 944 1460 1000; baseline -0.003 -10"><span class='ocrx_word' id='word_1_89' title='bbox 67 948 282 990; x_wconf 87' lang='lat' dir='ltr'><strong>mercedes</strong></span> <span class='ocrx_word' id='word_1_90' title='bbox 312 946 622 988; x_wconf 86' lang='lat' dir='ltr'><strong>instituentibus</strong></span> <span class='ocrx_word' id='word_1_91' title='bbox 653 946 810 987; x_wconf 88' lang='lat' dir='ltr'><strong>litteras</strong></span> <span class='ocrx_word' id='word_1_92' title='bbox 836 947 1046 987; x_wconf 89' lang='lat' dir='ltr'><strong>institutis.</strong></span> <span class='ocrx_word' id='word_1_93' title='bbox 1099 944 1141 987; x_wconf 82' lang='lat'><strong>4.</strong></span> <span class='ocrx_word' id='word_1_94' title='bbox 1174 946 1217 986; x_wconf 91' lang='lat' dir='ltr'><strong>bi</strong></span> <span class='ocrx_word' id='word_1_95' title='bbox 1250 952 1357 1000; x_wconf 91' lang='lat' dir='ltr'><strong>sunt,</strong></span> <span class='ocrx_word' id='word_1_96' title='bbox 1390 947 1460 999; x_wconf 92' lang='lat' dir='ltr'><strong>qui</strong></span> 
     </span>
     <span class='ocr_line' id='line_1_15' title="bbox 67 1006 1459 1062; baseline -0.003 -12"><span class='ocrx_word' id='word_1_97' title='bbox 67 1011 184 1051; x_wconf 86' lang='lat' dir='ltr'><strong>novis</strong></span> <span class='ocrx_word' id='word_1_98' title='bbox 217 1008 364 1062; x_wconf 88' lang='lat' dir='ltr'><strong>opibus</strong></span> <span class='ocrx_word' id='word_1_99' title='bbox 395 1007 518 1062; x_wconf 90' lang='lat' dir='ltr'><strong>ebrii,</strong></span> <span class='ocrx_word' id='word_1_100' title='bbox 561 1013 608 1048; x_wconf 92' lang='lat' dir='ltr'><strong>ut</strong></span> <span class='ocrx_word' id='word_1_101' title='bbox 646 1012 686 1047; x_wconf 93' lang='lat' dir='ltr'><strong>et</strong></span> <span class='ocrx_word' id='word_1_102' title='bbox 722 1008 891 1047; x_wconf 89' lang='lat' dir='ltr'><strong>minima</strong></span> <span class='ocrx_word' id='word_1_103' title='bbox 922 1019 1162 1061; x_wconf 85' lang='lat' dir='ltr'><strong>cognoscas,</strong></span> <span class='ocrx_word' id='word_1_104' title='bbox 1206 1020 1281 1061; x_wconf 89' lang='lat' dir='ltr'><strong>per</strong></span> <span class='ocrx_word' id='word_1_105' title='bbox 1316 1006 1459 1047; x_wconf 88' lang='lat' dir='ltr'><strong>utendi</strong></span> 
     </span>
     <span class='ocr_line' id='line_1_16' title="bbox 64 1067 1514 1123; baseline -0.003 -12"><span class='ocrx_word' id='word_1_106' title='bbox 64 1070 421 1123; x_wconf 83' lang='lat' dir='ltr'><strong>intemperantiam</strong></span> <span class='ocrx_word' id='word_1_107' title='bbox 440 1068 617 1122; x_wconf 91' lang='lat' dir='ltr'><strong>produnt</strong></span> <span class='ocrx_word' id='word_1_108' title='bbox 636 1069 882 1121; x_wconf 90' lang='lat' dir='ltr'><strong>imperitiam</strong></span> <span class='ocrx_word' id='word_1_109' title='bbox 899 1068 1155 1122; x_wconf 81' lang='lat' dir='ltr'><strong>possidendi3</strong></span> <span class='ocrx_word' id='word_1_110' title='bbox 1175 1080 1268 1108; x_wconf 90' lang='lat' dir='ltr'><strong>nam</strong></span> <span class='ocrx_word' id='word_1_111' title='bbox 1283 1067 1459 1108; x_wconf 83' lang='lat' dir='ltr'><strong>libenter</strong></span> <span class='ocrx_word' id='word_1_112' title='bbox 1480 1081 1514 1107; x_wconf 87' lang='lat'><strong>15</strong></span> 
     </span>
     <span class='ocr_line' id='line_1_17' title="bbox 67 1127 1459 1187; baseline -0.003 -15"><span class='ocrx_word' id='word_1_113' title='bbox 67 1130 267 1172; x_wconf 88' lang='lat' dir='ltr'><strong>incedunt</strong></span> <span class='ocrx_word' id='word_1_114' title='bbox 297 1131 442 1170; x_wconf 87' lang='lat' dir='ltr'><strong>armati</strong></span> <span class='ocrx_word' id='word_1_115' title='bbox 474 1129 523 1169; x_wconf 91' lang='lat' dir='ltr'><strong>ad</strong></span> <span class='ocrx_word' id='word_1_116' title='bbox 557 1128 708 1187; x_wconf 87' lang='lat' dir='ltr'><strong>epulas,</strong></span> <span class='ocrx_word' id='word_1_117' title='bbox 747 1127 870 1168; x_wconf 88' lang='lat' dir='ltr'><strong>albati</strong></span> <span class='ocrx_word' id='word_1_118' title='bbox 902 1128 951 1168; x_wconf 89' lang='lat' dir='ltr'><strong>ad</strong></span> <span class='ocrx_word' id='word_1_119' title='bbox 984 1130 1212 1183; x_wconf 83' lang='lat' dir='ltr'><strong>exsequias,</strong></span> <span class='ocrx_word' id='word_1_120' title='bbox 1246 1128 1378 1182; x_wconf 85' lang='lat' dir='ltr'><strong>pelliti</strong></span> <span class='ocrx_word' id='word_1_121' title='bbox 1409 1128 1459 1168; x_wconf 91' lang='lat' dir='ltr'><strong>ad</strong></span> 
     </span>
     <span class='ocr_line' id='line_1_18' title="bbox 68 1188 1459 1245; baseline -0.002 -13"><span class='ocrx_word' id='word_1_122' title='bbox 68 1190 274 1245; x_wconf 88' lang='lat' dir='ltr'><strong>ecclesias,</strong></span> <span class='ocrx_word' id='word_1_123' title='bbox 299 1189 442 1244; x_wconf 90' lang='lat' dir='ltr'><strong>pullati</strong></span> <span class='ocrx_word' id='word_1_124' title='bbox 467 1190 517 1230; x_wconf 91' lang='lat' dir='ltr'><strong>ad</strong></span> <span class='ocrx_word' id='word_1_125' title='bbox 543 1191 720 1243; x_wconf 90' lang='lat' dir='ltr'><strong>nuptias,</strong></span> <span class='ocrx_word' id='word_1_126' title='bbox 747 1191 983 1230; x_wconf 86' lang='lat' dir='ltr'><strong>castorinati</strong></span> <span class='ocrx_word' id='word_1_127' title='bbox 1009 1189 1058 1229; x_wconf 91' lang='lat' dir='ltr'><strong>ad</strong></span> <span class='ocrx_word' id='word_1_128' title='bbox 1078 1189 1251 1230; x_wconf 90' lang='lat' dir='ltr'><strong>litanias.</strong></span> <span class='ocrx_word' id='word_1_129' title='bbox 1302 1188 1459 1229; x_wconf 86' lang='lat' dir='ltr'><strong>nullum</strong></span> 
     </span>
     <span class='ocr_line' id='line_1_19' title="bbox 68 1250 1459 1305; baseline -0.001 -13"><span class='ocrx_word' id='word_1_130' title='bbox 68 1251 151 1292; x_wconf 93' lang='lat' dir='ltr'><strong>illis</strong></span> <span class='ocrx_word' id='word_1_131' title='bbox 192 1264 320 1305; x_wconf 89' lang='lat' dir='ltr'><strong>genus</strong></span> <span class='ocrx_word' id='word_1_132' title='bbox 361 1251 572 1291; x_wconf 91' lang='lat' dir='ltr'><strong>hominum</strong></span> <span class='ocrx_word' id='word_1_133' title='bbox 614 1250 803 1290; x_wconf 91' lang='lat' dir='ltr'><strong>ordinum</strong></span> <span class='ocrx_word' id='word_1_134' title='bbox 845 1255 1075 1303; x_wconf 92' lang='lat' dir='ltr'><strong>temporum</strong></span> <span class='ocrx_word' id='word_1_135' title='bbox 1118 1250 1232 1290; x_wconf 88' lang='lat' dir='ltr'><strong>cordi</strong></span> <span class='ocrx_word' id='word_1_136' title='bbox 1274 1254 1347 1290; x_wconf 91' lang='lat' dir='ltr'><strong>est.</strong></span> <span class='ocrx_word' id='word_1_137' title='bbox 1416 1251 1459 1289; x_wconf 91' lang='lat' dir='ltr'><strong>in</strong></span> 
     </span>
     <span class='ocr_line' id='line_1_20' title="bbox 66 1310 1458 1365; baseline -0.002 -12"><span class='ocrx_word' id='word_1_138' title='bbox 66 1313 156 1353; x_wconf 88' lang='lat' dir='ltr'><strong>foro</strong></span> <span class='ocrx_word' id='word_1_139' title='bbox 189 1311 360 1365; x_wconf 80' lang='lat' dir='ltr'><strong>Scythae</strong></span> <span class='ocrx_word' id='word_1_140' title='bbox 394 1313 437 1351; x_wconf 87' lang='lat' dir='ltr'><strong>in</strong></span> <span class='ocrx_word' id='word_1_141' title='bbox 476 1310 663 1352; x_wconf 89' lang='lat' dir='ltr'><strong>cubiculo</strong></span> <span class='ocrx_word' id='word_1_142' title='bbox 694 1312 857 1364; x_wconf 84' lang='lat' dir='ltr'><strong>viperae</strong></span> <span class='ocrx_word' id='word_1_143' title='bbox 889 1312 933 1351; x_wconf 91' lang='lat' dir='ltr'><strong>in</strong></span> <span class='ocrx_word' id='word_1_144' title='bbox 971 1312 1153 1351; x_wconf 88' lang='lat' dir='ltr'><strong>convivio</strong></span> <span class='ocrx_word' id='word_1_145' title='bbox 1194 1323 1378 1364; x_wconf 89' lang='lat' dir='ltr'><strong>scurrae,</strong></span> <span class='ocrx_word' id='word_1_146' title='bbox 1415 1311 1458 1350; x_wconf 90' lang='lat' dir='ltr'><strong>in</strong></span> 
     </span>
     <span class='ocr_line' id='line_1_21' title="bbox 69 1371 1515 1425; baseline -0.001 -12"><span class='ocrx_word' id='word_1_147' title='bbox 69 1372 349 1414; x_wconf 88' lang='lat' dir='ltr'><strong>exactionibus</strong></span> <span class='ocrx_word' id='word_1_148' title='bbox 379 1371 580 1425; x_wconf 81' lang='lat' dir='ltr'><strong>Harpyiae</strong></span> <span class='ocrx_word' id='word_1_149' title='bbox 612 1373 656 1412; x_wconf 94' lang='lat' dir='ltr'><strong>in</strong></span> <span class='ocrx_word' id='word_1_150' title='bbox 688 1371 1039 1412; x_wconf 89' lang='lat' dir='ltr'><strong>conlocutionibus</strong></span> <span class='ocrx_word' id='word_1_151' title='bbox 1074 1377 1228 1412; x_wconf 89' lang='lat' dir='ltr'><strong>statuae</strong></span> <span class='ocrx_word' id='word_1_152' title='bbox 1261 1373 1304 1411; x_wconf 94' lang='lat' dir='ltr'><strong>in</strong></span> <span class='ocrx_word' id='word_1_153' title='bbox 1337 1383 1458 1424; x_wconf 87' lang='lat' dir='ltr'><strong>quae·</strong></span> <span class='ocrx_word' id='word_1_154' title='bbox 1479 1385 1515 1412; x_wconf 81' lang='lat'><strong>20</strong></span> 
     </span>
     <span class='ocr_line' id='line_1_22' title="bbox 67 1431 1459 1486; baseline -0.001 -13"><span class='ocrx_word' id='word_1_155' title='bbox 67 1432 271 1474; x_wconf 87' lang='lat' dir='ltr'><strong>stionibus</strong></span> <span class='ocrx_word' id='word_1_156' title='bbox 308 1432 483 1486; x_wconf 90' lang='lat' dir='ltr'><strong>bestiae,</strong></span> <span class='ocrx_word' id='word_1_157' title='bbox 526 1433 569 1472; x_wconf 90' lang='lat' dir='ltr'><strong>in</strong></span> <span class='ocrx_word' id='word_1_158' title='bbox 613 1431 853 1472; x_wconf 87' lang='lat' dir='ltr'><strong>tractatibus</strong></span> <span class='ocrx_word' id='word_1_159' title='bbox 898 1431 1056 1472; x_wconf 87' lang='lat' dir='ltr'><strong>cocleae</strong></span> <span class='ocrx_word' id='word_1_160' title='bbox 1095 1434 1138 1472; x_wconf 92' lang='lat' dir='ltr'><strong>in</strong></span> <span class='ocrx_word' id='word_1_161' title='bbox 1183 1431 1459 1473; x_wconf 88' lang='lat' dir='ltr'><strong>contractibus</strong></span> 
     </span>
     <span class='ocr_line' id='line_1_23' title="bbox 66 1492 1459 1547; baseline -0.002 -12"><span class='ocrx_word' id='word_1_162' title='bbox 66 1495 305 1547; x_wconf 81' lang='lat' dir='ltr'><strong>trapezitae3</strong></span> <span class='ocrx_word' id='word_1_163' title='bbox 335 1493 393 1532; x_wconf 78' lang='lat' dir='ltr'><strong>&#39;ad</strong></span> <span class='ocrx_word' id='word_1_164' title='bbox 431 1492 748 1545; x_wconf 88' lang='lat' dir='ltr'><strong>intellegendum</strong></span> <span class='ocrx_word' id='word_1_165' title='bbox 788 1494 900 1532; x_wconf 87' lang='lat' dir='ltr'><strong>saxei</strong></span> <span class='ocrx_word' id='word_1_166' title='bbox 938 1492 987 1532; x_wconf 89' lang='lat' dir='ltr'><strong>ad</strong></span> <span class='ocrx_word' id='word_1_167' title='bbox 1025 1493 1288 1533; x_wconf 90' lang='lat' dir='ltr'><strong>iudicandum</strong></span> <span class='ocrx_word' id='word_1_168' title='bbox 1320 1492 1459 1546; x_wconf 87' lang='lat' dir='ltr'><strong>lignei,</strong></span> 
     </span>
     <span class='ocr_line' id='line_1_24' title="bbox 66 1552 1457 1607; baseline -0.002 -12"><span class='ocrx_word' id='word_1_169' title='bbox 66 1554 118 1595; x_wconf 88' lang='lat' dir='ltr'><strong>ad</strong></span> <span class='ocrx_word' id='word_1_170' title='bbox 151 1553 473 1595; x_wconf 90' lang='lat' dir='ltr'><strong>suscensendum</strong></span> <span class='ocrx_word' id='word_1_171' title='bbox 504 1553 680 1593; x_wconf 88' lang='lat' dir='ltr'><strong>flammei</strong></span> <span class='ocrx_word' id='word_1_172' title='bbox 712 1552 759 1592; x_wconf 92' lang='lat' dir='ltr'><strong>ad</strong></span> <span class='ocrx_word' id='word_1_173' title='bbox 787 1553 1080 1605; x_wconf 90' lang='lat' dir='ltr'><strong>ignoscendum</strong></span> <span class='ocrx_word' id='word_1_174' title='bbox 1112 1553 1249 1607; x_wconf 85' lang='lat' dir='ltr'><strong>ferrei,</strong></span> <span class='ocrx_word' id='word_1_175' title='bbox 1281 1553 1330 1593; x_wconf 90' lang='lat' dir='ltr'><strong>ad</strong></span> <span class='ocrx_word' id='word_1_176' title='bbox 1359 1555 1457 1592; x_wconf 90' lang='lat' dir='ltr'><strong>ami-</strong></span> 
     </span>
     <span class='ocr_line' id='line_1_25' title="bbox 66 1612 1457 1668; baseline -0.002 -12"><span class='ocrx_word' id='word_1_177' title='bbox 66 1617 185 1656; x_wconf 90' lang='lat' dir='ltr'><strong>citias</strong></span> <span class='ocrx_word' id='word_1_178' title='bbox 210 1614 328 1668; x_wconf 91' lang='lat' dir='ltr'><strong>pardi</strong></span> <span class='ocrx_word' id='word_1_179' title='bbox 355 1613 403 1654; x_wconf 93' lang='lat' dir='ltr'><strong>ad</strong></span> <span class='ocrx_word' id='word_1_180' title='bbox 427 1613 593 1653; x_wconf 81' lang='lat' dir='ltr'><strong>facetias</strong></span> <span class='ocrx_word' id='word_1_181' title='bbox 618 1614 718 1666; x_wconf 90' lang='lat' dir='ltr'><strong>ursi,</strong></span> <span class='ocrx_word' id='word_1_182' title='bbox 750 1612 799 1652; x_wconf 90' lang='lat' dir='ltr'><strong>ad</strong></span> <span class='ocrx_word' id='word_1_183' title='bbox 826 1612 1044 1653; x_wconf 83' lang='lat' dir='ltr'><strong>fallendum</strong></span> <span class='ocrx_word' id='word_1_184' title='bbox 1070 1613 1212 1666; x_wconf 88' lang='lat' dir='ltr'><strong>vulpes</strong></span> <span class='ocrx_word' id='word_1_185' title='bbox 1239 1613 1288 1653; x_wconf 93' lang='lat' dir='ltr'><strong>ad</strong></span> <span class='ocrx_word' id='word_1_186' title='bbox 1316 1626 1457 1666; x_wconf 88' lang='lat' dir='ltr'><strong>super-</strong></span> 
     </span>
     <span class='ocr_line' id='line_1_26' title="bbox 69 1672 1514 1727; baseline 0 -11"><span class='ocrx_word' id='word_1_187' title='bbox 69 1675 265 1716; x_wconf 89' lang='lat' dir='ltr'><strong>biendum</strong></span> <span class='ocrx_word' id='word_1_188' title='bbox 290 1675 397 1715; x_wconf 87' lang='lat' dir='ltr'><strong>tauri</strong></span> <span class='ocrx_word' id='word_1_189' title='bbox 422 1674 471 1714; x_wconf 89' lang='lat' dir='ltr'><strong>ad</strong></span> <span class='ocrx_word' id='word_1_190' title='bbox 499 1673 819 1714; x_wconf 91' lang='lat' dir='ltr'><strong>consumendum</strong></span> <span class='ocrx_word' id='word_1_191' title='bbox 844 1675 1075 1713; x_wconf 90' lang='lat' dir='ltr'><strong>minotauri.</strong></span> <span class='ocrx_word' id='word_1_192' title='bbox 1126 1672 1166 1714; x_wconf 84' lang='lat'><strong>5.</strong></span> <span class='ocrx_word' id='word_1_193' title='bbox 1201 1686 1294 1727; x_wconf 91' lang='lat' dir='ltr'><strong>spes</strong></span> <span class='ocrx_word' id='word_1_194' title='bbox 1321 1674 1457 1714; x_wconf 89' lang='lat' dir='ltr'><strong>firmas</strong></span> <span class='ocrx_word' id='word_1_195' title='bbox 1478 1689 1514 1716; x_wconf 76' lang='lat'><strong>25</strong></span> 
     </span>
     <span class='ocr_line' id='line_1_27' title="bbox 67 1733 1458 1788; baseline -0.003 -11"><span class='ocrx_word' id='word_1_196' title='bbox 67 1737 113 1777; x_wconf 90' lang='lat' dir='ltr'><strong>in</strong></span> <span class='ocrx_word' id='word_1_197' title='bbox 145 1748 285 1776; x_wconf 91' lang='lat' dir='ltr'><strong>rerum</strong></span> <span class='ocrx_word' id='word_1_198' title='bbox 322 1734 500 1775; x_wconf 88' lang='lat' dir='ltr'><strong>motibus</strong></span> <span class='ocrx_word' id='word_1_199' title='bbox 532 1734 701 1788; x_wconf 89' lang='lat' dir='ltr'><strong>habent,</strong></span> <span class='ocrx_word' id='word_1_200' title='bbox 740 1733 860 1774; x_wconf 87' lang='lat' dir='ltr'><strong>dubia</strong></span> <span class='ocrx_word' id='word_1_201' title='bbox 899 1739 1082 1787; x_wconf 88' lang='lat' dir='ltr'><strong>tempora</strong></span> <span class='ocrx_word' id='word_1_202' title='bbox 1122 1735 1273 1774; x_wconf 87' lang='lat' dir='ltr'><strong>certius</strong></span> <span class='ocrx_word' id='word_1_203' title='bbox 1312 1740 1458 1787; x_wconf 90' lang='lat' dir='ltr'><strong>amant,</strong></span> 
     </span>
     <span class='ocr_line' id='line_1_28' title="bbox 68 1794 1457 1850; baseline -0.003 -12"><span class='ocrx_word' id='word_1_204' title='bbox 68 1802 111 1838; x_wconf 91' lang='lat' dir='ltr'><strong>et</strong></span> <span class='ocrx_word' id='word_1_205' title='bbox 141 1797 301 1850; x_wconf 85' lang='lat' dir='ltr'><strong>ignavia</strong></span> <span class='ocrx_word' id='word_1_206' title='bbox 332 1797 485 1849; x_wconf 89' lang='lat' dir='ltr'><strong>pariter</strong></span> <span class='ocrx_word' id='word_1_207' title='bbox 517 1796 848 1847; x_wconf 91' lang='lat' dir='ltr'><strong>conscientiaque</strong></span> <span class='ocrx_word' id='word_1_208' title='bbox 879 1794 1143 1848; x_wconf 89' lang='lat' dir='ltr'><strong>trepidantes,</strong></span> <span class='ocrx_word' id='word_1_209' title='bbox 1176 1807 1268 1834; x_wconf 87' lang='lat' dir='ltr'><strong>cum</strong></span> <span class='ocrx_word' id='word_1_210' title='bbox 1301 1796 1383 1834; x_wconf 88' lang='lat' dir='ltr'><strong>sint</strong></span> <span class='ocrx_word' id='word_1_211' title='bbox 1414 1796 1457 1834; x_wconf 91' lang='lat' dir='ltr'><strong>in</strong></span> 
     </span>
     <span class='ocr_line' id='line_1_29' title="bbox 64 1854 1456 1910; baseline -0.003 -12"><span class='ocrx_word' id='word_1_212' title='bbox 64 1858 282 1910; x_wconf 88' lang='lat' dir='ltr'><strong>praetoriis</strong></span> <span class='ocrx_word' id='word_1_213' title='bbox 313 1855 472 1909; x_wconf 87' lang='lat' dir='ltr'><strong>leones,</strong></span> <span class='ocrx_word' id='word_1_214' title='bbox 516 1857 558 1895; x_wconf 93' lang='lat' dir='ltr'><strong>in</strong></span> <span class='ocrx_word' id='word_1_215' title='bbox 592 1856 736 1895; x_wconf 90' lang='lat' dir='ltr'><strong>castris</strong></span> <span class='ocrx_word' id='word_1_216' title='bbox 775 1854 953 1909; x_wconf 80' lang='lat' dir='ltr'><strong>lepores,</strong></span> <span class='ocrx_word' id='word_1_217' title='bbox 997 1856 1142 1895; x_wconf 87' lang='lat' dir='ltr'><strong>timent</strong></span> <span class='ocrx_word' id='word_1_218' title='bbox 1180 1855 1361 1908; x_wconf 80' lang='lat' dir='ltr'><strong>foedera,</strong></span> <span class='ocrx_word' id='word_1_219' title='bbox 1406 1867 1456 1894; x_wconf 91' lang='lat' dir='ltr'><strong>ne</strong></span> 
     </span>
     <span class='ocr_line' id='line_1_30' title="bbox 66 1915 1456 1971; baseline -0.002 -13"><span class='ocrx_word' id='word_1_220' title='bbox 66 1917 355 1971; x_wconf 84' lang='lat' dir='ltr'><strong>discutiantur,</strong></span> <span class='ocrx_word' id='word_1_221' title='bbox 399 1916 521 1970; x_wconf 90' lang='lat' dir='ltr'><strong>bella,</strong></span> <span class='ocrx_word' id='word_1_222' title='bbox 565 1928 616 1956; x_wconf 88' lang='lat' dir='ltr'><strong>ne</strong></span> <span class='ocrx_word' id='word_1_223' title='bbox 654 1921 845 1969; x_wconf 84' lang='lat' dir='ltr'><strong>pugnent.</strong></span> <span class='ocrx_word' id='word_1_224' title='bbox 910 1928 1083 1969; x_wconf 92' lang='lat' dir='ltr'><strong>quorum</strong></span> <span class='ocrx_word' id='word_1_225' title='bbox 1122 1917 1158 1956; x_wconf 92' lang='lat' dir='ltr'><strong>si</strong></span> <span class='ocrx_word' id='word_1_226' title='bbox 1195 1928 1315 1955; x_wconf 90' lang='lat' dir='ltr'><strong>nares</strong></span> <span class='ocrx_word' id='word_1_227' title='bbox 1348 1915 1456 1955; x_wconf 87' lang='lat' dir='ltr'><strong>afssa-</strong></span> 
     </span>
     <span class='ocr_line' id='line_1_31' title="bbox 66 1975 1512 2031; baseline -0.001 -14"><span class='ocrx_word' id='word_1_228' title='bbox 66 1980 173 2018; x_wconf 83' lang='lat' dir='ltr'><strong>verit</strong></span> <span class='ocrx_word' id='word_1_229' title='bbox 203 1979 362 2031; x_wconf 89' lang='lat' dir='ltr'><strong>uspiam</strong></span> <span class='ocrx_word' id='word_1_230' title='bbox 395 1976 620 2029; x_wconf 84' lang='lat' dir='ltr'><strong>robiginosi</strong></span> <span class='ocrx_word' id='word_1_231' title='bbox 659 1989 756 2016; x_wconf 90' lang='lat' dir='ltr'><strong>aura</strong></span> <span class='ocrx_word' id='word_1_232' title='bbox 793 1977 1010 2030; x_wconf 90' lang='lat' dir='ltr'><strong>marsupii,</strong></span> <span class='ocrx_word' id='word_1_233' title='bbox 1048 1977 1263 2016; x_wconf 81' lang='lat' dir='ltr'><strong>confestim</strong></span> <span class='ocrx_word' id='word_1_234' title='bbox 1300 1975 1457 2016; x_wconf 81' lang='lat' dir='ltr'><strong>videbis</strong></span> <span class='ocrx_word' id='word_1_235' title='bbox 1476 1990 1512 2016; x_wconf 82' lang='lat'><strong>30</strong></span> 
     </span>
     <span class='ocr_line' id='line_1_32' title="bbox 67 2036 1456 2090; baseline -0.003 -10"><span class='ocrx_word' id='word_1_236' title='bbox 67 2037 153 2079; x_wconf 89' lang='lat' dir='ltr'><strong>illic</strong></span> <span class='ocrx_word' id='word_1_237' title='bbox 186 2043 227 2079; x_wconf 89' lang='lat' dir='ltr'><strong>et</strong></span> <span class='ocrx_word' id='word_1_238' title='bbox 258 2037 397 2079; x_wconf 90' lang='lat' dir='ltr'><strong>oculos</strong></span> <span class='ocrx_word' id='word_1_239' title='bbox 429 2038 526 2090; x_wconf 84' lang='lat' dir='ltr'><strong>Argi</strong></span> <span class='ocrx_word' id='word_1_240' title='bbox 565 2042 604 2076; x_wconf 88' lang='lat' dir='ltr'><strong>et</strong></span> <span class='ocrx_word' id='word_1_241' title='bbox 642 2049 786 2077; x_wconf 89' lang='lat' dir='ltr'><strong>manus</strong></span> <span class='ocrx_word' id='word_1_242' title='bbox 818 2036 975 2077; x_wconf 89' lang='lat' dir='ltr'><strong>Briarei</strong></span> <span class='ocrx_word' id='word_1_243' title='bbox 1007 2042 1047 2077; x_wconf 90' lang='lat' dir='ltr'><strong>et</strong></span> <span class='ocrx_word' id='word_1_244' title='bbox 1080 2036 1351 2089; x_wconf 89' lang='lat' dir='ltr'><strong>Sphingarum</strong></span> <span class='ocrx_word' id='word_1_245' title='bbox 1382 2049 1456 2076; x_wconf 92' lang='lat' dir='ltr'><strong>un·</strong></span> 
     </span>
     <span class='ocr_line' id='line_1_33' title="bbox 67 2096 1456 2152; baseline -0.001 -13"><span class='ocrx_word' id='word_1_246' title='bbox 67 2111 168 2152; x_wconf 87' lang='lat' dir='ltr'><strong>gues</strong></span> <span class='ocrx_word' id='word_1_247' title='bbox 202 2103 242 2139; x_wconf 88' lang='lat' dir='ltr'><strong>et</strong></span> <span class='ocrx_word' id='word_1_248' title='bbox 272 2100 452 2152; x_wconf 86' lang='lat' dir='ltr'><strong>periuria</strong></span> <span class='ocrx_word' id='word_1_249' title='bbox 478 2097 763 2138; x_wconf 89' lang='lat' dir='ltr'><strong>Laomedontis</strong></span> <span class='ocrx_word' id='word_1_250' title='bbox 796 2102 837 2138; x_wconf 93' lang='lat' dir='ltr'><strong>et</strong></span> <span class='ocrx_word' id='word_1_251' title='bbox 861 2096 990 2137; x_wconf 88' lang='lat' dir='ltr'><strong>Ulixis</strong></span> <span class='ocrx_word' id='word_1_252' title='bbox 1016 2098 1194 2149; x_wconf 87' lang='lat' dir='ltr'><strong>argutias</strong></span> <span class='ocrx_word' id='word_1_253' title='bbox 1227 2102 1267 2137; x_wconf 88' lang='lat' dir='ltr'><strong>et</strong></span> <span class='ocrx_word' id='word_1_254' title='bbox 1293 2097 1456 2137; x_wconf 91' lang='lat' dir='ltr'><strong>Sinonis</strong></span> 
     </span>
     <span class='ocr_line' id='line_1_34' title="bbox 64 2157 1456 2211; baseline -0.002 -11"><span class='ocrx_word' id='word_1_255' title='bbox 64 2159 243 2200; x_wconf 82' lang='lat' dir='ltr'><strong>fallacias</strong></span> <span class='ocrx_word' id='word_1_256' title='bbox 289 2164 330 2200; x_wconf 90' lang='lat' dir='ltr'><strong>et</strong></span> <span class='ocrx_word' id='word_1_257' title='bbox 373 2159 494 2199; x_wconf 87' lang='lat' dir='ltr'><strong>fidem</strong></span> <span class='ocrx_word' id='word_1_258' title='bbox 536 2157 823 2211; x_wconf 77' lang='lat' dir='ltr'><strong>Polymestoris</strong></span> <span class='ocrx_word' id='word_1_259' title='bbox 869 2163 908 2198; x_wconf 91' lang='lat' dir='ltr'><strong>et</strong></span> <span class='ocrx_word' id='word_1_260' title='bbox 951 2159 1144 2211; x_wconf 88' lang='lat' dir='ltr'><strong>pietatem</strong></span> <span class='ocrx_word' id='word_1_261' title='bbox 1186 2157 1456 2211; x_wconf 78' lang='lat' dir='ltr'><strong>Pygmalionis</strong></span> 
     </span>
    </p>
   </div>
   <div class='ocr_carea' id='block_1_3' title="bbox 63 2310 1455 2456">
    <p class='ocr_par' dir='ltr' id='par_1_4' title="bbox 63 2310 1455 2456">
     <span class='ocr_line' id='line_1_35' title="bbox 165 2310 1455 2357; baseline -0.002 -9"><span class='ocrx_word' id='word_1_262' title='bbox 165 2316 211 2348; x_wconf 88' lang='lat'><strong>15</strong></span> <span class='ocrx_word' id='word_1_263' title='bbox 235 2323 324 2348; x_wconf 84' lang='lat' dir='ltr'><strong>nam</strong></span> <span class='ocrx_word' id='word_1_264' title='bbox 352 2323 420 2350; x_wconf 87' lang='lat' dir='ltr'><strong>om.</strong></span> <span class='ocrx_word' id='word_1_265' title='bbox 450 2311 508 2357; x_wconf 72' lang='grc' dir='ltr'><strong>(ΙΙΙ</strong></span> <span class='ocrx_word' id='word_1_266' title='bbox 530 2316 572 2347; x_wconf 83' lang='grc'><strong>17</strong></span> <span class='ocrx_word' id='word_1_267' title='bbox 600 2310 765 2347; x_wconf 79' lang='lat' dir='ltr'><strong>letanias</strong></span> <span class='ocrx_word' id='word_1_268' title='bbox 794 2312 880 2356; x_wconf 84' lang='lat' dir='ltr'><strong>CT,</strong></span> <span class='ocrx_word' id='word_1_269' title='bbox 913 2310 1108 2347; x_wconf 85' lang='lat' dir='ltr'><strong>laetanias</strong></span> <span class='ocrx_word' id='word_1_270' title='bbox 1135 2311 1212 2356; x_wconf 74' lang='lat' dir='ltr'><strong>Mn</strong></span> <span class='ocrx_word' id='word_1_271' title='bbox 1231 2314 1277 2346; x_wconf 77' lang='lat'><strong>23</strong></span> <span class='ocrx_word' id='word_1_272' title='bbox 1304 2321 1455 2347; x_wconf 86' lang='lat' dir='ltr'><strong>suscen-</strong></span> 
     </span>
     <span class='ocr_line' id='line_1_36' title="bbox 63 2358 1455 2456; baseline -0.002 -58"><span class='ocrx_word' id='word_1_273' title='bbox 63 2360 354 2456; x_wconf 46' lang='grc' dir='ltr'><strong>ἒξὶῐιιὲἰιιέἲη.1ισᾎῖ1ζ</strong></span> <span class='ocrx_word' id='word_1_274' title='bbox 381 2359 680 2396; x_wconf 86' lang='lat' dir='ltr'><strong>succensendum</strong></span> <span class='ocrx_word' id='word_1_275' title='bbox 707 2361 756 2396; x_wconf 85' lang='lat' dir='ltr'><strong><em>M</em></strong></span> <span class='ocrx_word' id='word_1_276' title='bbox 763 2360 833 2397; x_wconf 80' lang='lat' dir='ltr'><strong>CT</strong></span> <span class='ocrx_word' id='word_1_277' title='bbox 849 2362 862 2406; x_wconf 78' lang='lat' dir='ltr'>ss</span> <span class='ocrx_word' id='word_1_278' title='bbox 883 2364 928 2396; x_wconf 86' lang='lat'><strong>30</strong></span> <span class='ocrx_word' id='word_1_279' title='bbox 954 2358 1168 2406; x_wconf 82' lang='lat' dir='ltr'><strong>marsuppii</strong></span> <span class='ocrx_word' id='word_1_280' title='bbox 1195 2359 1281 2407; x_wconf 74' lang='lat' dir='ltr'><strong>MC</strong></span> <span class='ocrx_word' id='word_1_281' title='bbox 1300 2361 1305 2406; x_wconf 85' lang='grc' dir='ltr'>Ι</span> <span class='ocrx_word' id='word_1_282' title='bbox 1329 2359 1455 2395; x_wconf 87' lang='lat' dir='ltr'><strong>confe-</strong></span> 
     </span>
    </p>
   </div>
  </div>
 </body>
</html>
