1592 2612
136 137 225 173 XVI
679 132 971 171 PRAEFATIO.

140 233 210 293 (cf.
237 237 404 277 Bonnet.
432 236 456 276 l.
484 235 507 275 l.
535 249 572 289 p.
600 233 701 288 413,
725 231 784 291 5).
813 258 869 263 —
896 235 951 275 lb.
979 232 1006 276 5
1032 233 1133 274 nihil
1158 237 1219 274 est
1246 234 1352 287 quod
1380 246 1516 276 aemu-

139 301 247 339 letur
278 297 571 351 praeferamus3
605 296 652 335 cs.
680 295 731 335 ib.
763 294 817 336 12
850 299 1141 336 metuerentur.
1168 317 1225 322 ——
1254 293 1309 334 Ih.
1338 293 1364 335 8
1397 297 1517 336 elutis

139 371 220 398 non
251 359 379 410 magis
411 362 567 397 mutare
593 355 702 396 volui
734 368 853 409 quam
880 369 941 409 ep.
967 355 1032 410 Ill,
1059 353 1098 409 3,
1119 354 1159 408 8,
1190 353 1262 394 ubi
1293 367 1344 395 ne
1369 354 1515 407 Engel-

138 418 312 459 brechtii
345 417 507 470 quidem
547 417 779 456 coniectura
819 419 954 457 exutis
992 428 1092 468 opus
1131 419 1202 455 est.
1237 438 1293 442 —
1326 414 1380 455 lb.
1414 419 1514 455 ima-

136 481 397 530 qiuabuntur
447 476 686 517 insolentius
738 476 888 516 dictum
928 488 1030 516 ,6556
1081 474 1382 515 concedendum
1439 480 1518 530 est3

141 552 271 592 neque
304 543 438 578 tamen
470 539 767 588 imayinabunt‚
807 537 912 589 quod
944 534 1246 589 Luetjohannus
1278 536 1322 575 in
1354 535 1517 575 adnota-

140 601 248 639 tione
282 599 486 651 proponit,
525 599 707 650 recipere
747 610 867 637 ausus
901 609 1001 637 sum.
1035 619 1091 624 —
1123 595 1179 635 lh.
1208 594 1265 636 10
1304 595 1352 635 de
1392 598 1516 647 colly-

140 663 228 710 riis,
265 659 369 711 quod
404 659 503 698 ferri
534 670 653 710 posse
685 658 862 711 videtur,
900 670 934 697 v.
966 655 1151 709 Engelbr.
1186 652 1339 695 ‘Beitn'
1377 668 1413 708 p.
1445 653 1518 711 123

141 721 408 761 monobilibus
435 723 543 758 certe
570 719 759 771 temptari
782 730 864 758 non
884 717 1032 757 dehere
1052 716 1257 756 Piechotta
1283 717 1325 755 in
1345 714 1515 755 Woelfss.

141 780 256 820 Arch.
277 779 305 833 I,
326 777 414 820 585
447 778 654 818 evidenter
680 768 985 832 demonstravit,
1019 777 1066 817 cf.
1094 777 1215 816 etiam
1239 774 1424 827 Engelbr.
1445 775 1470 815 l.
1491 775 1515 815 l.

143 864 199 868 —
227 840 280 879 Ib.
309 852 357 879 ex
384 839 415 879 T
447 841 725 890 hypodromus
758 834 1043 894 (hipodromus
1068 831 1201 891 VMC)
1235 836 1393 889 scripsi,
1426 836 1519 887 quia

141 901 241 940 haec
274 900 401 939 forma
434 901 520 939 sine
554 898 675 940 dubio
716 911 807 939 cum
844 898 978 938 verbis
1016 899 1115 948 quia
1153 898 1259 937 nihil
1294 898 1385 947 ipsa
1420 908 1517 947 pro·

141 965 301 1012 spectat
331 961 457 1012 magis
490 961 685 1011 congruit.
737 959 860 999 Recte
893 960 1017 1011 igitur
1043 956 1267 997 Geislerum
1299 955 1322 996 l.
1350 955 1373 995 l.
1400 968 1437 1008 p.
1461 953 1517 996 76

143 1022 191 1061 de
235 1021 311 1060 hoc
350 1020 437 1060 loco
476 1019 675 1060 iudicasse
715 1031 872 1060 censeo.
906 1041 962 1046 —
1001 1017 1055 1057 Ib.
1094 1016 1145 1057 11
1188 1029 1236 1055 ex
1275 1015 1386 1055 NTC
1427 1020 1519 1055 ante

143 1083 338 1122 breviatis
372 1081 528 1120 inserui
556 1093 649 1134 non,
683 1080 788 1132 quod
816 1092 890 1119 nec
916 1091 989 1131 per
1016 1090 1058 1118 se
1085 1078 1265 1129 ineptum
1293 1080 1355 1116 est
1381 1079 1421 1115 et
1445 1087 1520 1127 per

145 1141 428 1194 compendium
461 1141 657 1193 scriptum
694 1145 787 1193 post
822 1142 971 1180 sensim
1003 1137 1118 1178 facilc
1158 1136 1343 1176 excidere
1375 1136 1518 1188 potuit.

147 1226 202 1230 ——
236 1201 291 1241 ΙΙ).
327 1203 361 1241 si
392 1202 606 1242 recumbes
639 1200 850 1253 scribatur,
886 1199 1069 1239 codicum
1102 1196 1175 1236 LN
1207 1196 1326 1245 lectio
1358 1194 1522 1248 probari

147 1275 265 1315 posse
298 1262 496 1315 videatur,
534 1273 627 1301 nam
659 1262 701 1300 in
726 1261 932 1313 praesenti
960 1271 1086 1299 uaeas
1125 1256 1408 1297 offendendum
1439 1267 1520 1295 non

146 1335 248 1377 6556,
274 1327 319 1362 ut
342 1334 467 1375 pauca
488 1321 669 1374 exempla
689 1321 863 1374 afferam,
889 1320 931 1359 hi
951 1319 1030 1359 loci
1055 1318 1217 1358 docent:
1251 1329 1311 1370 ep.
1325 1316 1386 1370 IV,
1409 1313 1519 1368 17‚2

144 1396 252 1433 quae
289 1385 327 1423 si
351 1414 360 1423 .
382 1414 420 1422 ..
448 1384 683 1431 continuas,
724 1383 942 1432 experiere
980 1384 1020 1420 et
1056 1379 1117 1432 IV,
1148 1375 1215 1431 18,
1242 1376 1268 1417 6
1306 1379 1344 1417 si
1382 1388 1522 1416 moras

145 1446 293 1493 uectis,
336 1448 452 1483 astra
493 1445 745 1492 quatiemus;
787 1441 857 1481 sed
899 1446 1034 1481 tamen
1075 1436 1335 1478 verisimilius
1377 1441 1439 1475 est
1480 1437 1523 1475 in

146 1505 256 1545 exitu
288 1503 401 1543 verbi
434 1505 655 1553 occuparis
687 1501 878 1541 mendum
912 1501 1133 1540 admissum
1165 1510 1267 1537 6556.
1295 1520 1351 1524 -
1378 1495 1434 1535 lb.
1463 1493 1522 1536 14

145 1563 250 1604 haud
294 1565 376 1603 scio
421 1575 471 1602 an
512 1567 621 1602 recte
660 1561 995 1614 Engelbrechtius
1034 1559 1056 1599 l.
1085 1559 1108 1599 1.
1141 1571 1178 1611 p.
1209 1556 1266 1598 13
1304 1559 1423 1607 volup
1463 1559 1524 1596 est

147 1623 406 1664 scribendum
450 1627 574 1676 putet.
608 1646 665 1650 ———
698 1622 751 1676 Il,
777 1620 823 1676 8,
853 1621 874 1663 1
924 1622 1009 1661 sine
1059 1631 1178 1660 causa
1222 1616 1523 1670 Luetjohannus

144 1684 448 1724 Wilamowitzio
481 1683 645 1723 iubente
685 1685 874 1724 debuerit
909 1683 952 1721 in
990 1682 1130 1722 debuit
1166 1679 1351 1730 mutavit3
1391 1676 1438 1715 cf.
1473 1675 1523 1715 de

145 1745 222 1785 hoc
255 1745 511 1784 coniunctivo
548 1745 645 1783 satis
684 1745 830 1783 usitato
863 1741 1048 1794 Engelbr.
1076 1739 1100 1779 l.
1126 1739 1150 1779 l.
1177 1751 1215 1791 p.
1243 1735 1269 1778 6
1304 1741 1344 1776 et
1374 1748 1435 1788 ep.
1462 1734 1523 1788 IV,

147 1804 187 1859 3,
214 1802 242 1846 5
280 1817 466 1855 quaeque
493 1836 500 1844 .
529 1835 538 1844 .
565 1835 574 1844 .
603 1810 743 1845 tenere
780 1815 860 1843 non
901 1803 1047 1842 abnuit
1073 1832 1081 1840 .
1113 1831 1121 1839 .
1150 1831 1158 1839 .
1185 1809 1372 1849 quaeque
1408 1807 1522 1836 num-

147 1878 270 1916 quam
292 1867 541 1914 investiyare
562 1867 775 1905 destiterit.
798 1886 853 1890 ——
874 1861 929 1902 lh.
952 1863 1043 1911 filia
1069 1864 1160 1913 post
1184 1860 1328 1898 matris
1349 1858 1525 1897 amissae

148 1925 196 1965 ab
224 1925 366 1965 eodem
392 1925 541 1964 frustra
561 1924 740 1964 additum
762 1935 840 1976 quo
860 1924 948 1963 iure
973 1921 1202 1972 deleverim,
1233 1929 1313 1958 uno
1341 1914 1523 1968 exemplo

149 1987 246 2025 satis
280 1991 341 2025 est
380 1985 675 2038 demonstrare,
716 1984 822 2036 quod
862 1984 904 2022 in
937 1981 1117 2022 Cassiani
1154 1979 1244 2019 libr.
1277 1981 1416 2018 contra
1447 1974 1525 2015 Ne-

152 2047 324 2086 storium
356 2045 441 2099 VII,
474 2044 538 2098 19,
564 2044 593 2086 4
624 2045 788 2097 legitur:
827 2045 901 2084 vbi
935 2044 1084 2083 unicus
1116 2041 1262 2080 matris
1301 2039 1358 2078 ad
1393 2038 1524 2087 sepul-

152 2108 299 2146 chrum
333 2106 625 2157 deferebatur;
658 2104 789 2145 simile
816 2108 877 2144 est
906 2104 1025 2142 etiam
1053 2098 1403 2153 Symmachianum
1427 2095 1527 2135 illud

150 2169 298 2206 unicus
338 2179 448 2206 meus
486 2179 523 2218 p.
555 2164 658 2219 125,
688 2164 760 2219 18,
809 2162 912 2217 154,
938 2161 995 2203 28
1036 2158 1116 2217 (ed.
1152 2154 1297 2214 Seeck)
1337 2162 1377 2197 et
1408 2155 1525 2208 Greg.

150 2225 244 2265 Tur.
271 2226 308 2266 h.
335 2226 398 2265 Fr.
426 2226 461 2280 Ι,
487 2225 557 2280 47,
601 2225 672 2266 uhi
716 2230 851 2265 tamen
895 2223 1051 2263 dativus
1095 2220 1266 2261 traditus
1312 2221 1391 2271 est,
1435 2221 1528 2257 erat

152 2291 290 2326 autem
329 2292 503 2336 uterque
541 2289 689 2326 unicus
722 2288 850 2337 patri.
884 2307 940 2311 —
979 2282 1034 2322 lb.
1068 2282 1116 2321 de
1154 2281 1305 2321 subolis
1343 2290 1376 2317 V.
1411 2289 1472 2329 ep.
1498 2275 1527 2330 I,

151 2345 191 2400 2,
218 2344 244 2386 9
279 2349 403 2386 molis.
438 2369 493 2373 —-
527 2346 582 2386 Ib.
617 2347 790 2387 liberum
824 2344 994 2385 restitui.
1028 2365 1084 2370 -——
1118 2340 1172 2381 lh.
1200 2339 1227 2380 2
1261 2342 1399 2379 eontra
1430 2336 1461 2376 L
1493 2338 1531 2376 si

151 2409 242 2456 quis
287 2407 443 2458 scripsi.
490 2429 545 2433 —
594 2406 649 2446 lb.
684 2405 711 2446 3
750 2404 871 2445 verba
915 2406 993 2445 hoe
1038 2405 1144 2443 enim
1189 2400 1425 2451 epitaphion
1470 2401 1530 2437 est
