1592 2612
145 95 231 138 138
639 91 789 142 LIBER
814 90 1013 128 SEXTUS.

141 196 334 249 exemplis
371 200 575 247 tamquam
613 206 694 234 non
733 193 890 234 idoneis
928 192 1144 246 religiosus
1177 190 1362 233 laudatus
1400 193 1527 234 offen-

140 257 269 310 ditur,
317 257 490 308 seposita
539 256 701 307 mystici
726 253 975 294 ‘intellectus
1014 254 1243 293 reverentia
1281 252 1525 294 venerabilis

139 316 389 370 patriarchae
416 315 560 368 Ioseph
585 314 836 355 historialem
862 313 1112 366 diligentiam
1133 325 1427 369 comparemus,
1453 315 1526 367 qui

141 382 280 417 contra
313 375 565 416 sterilitatem
598 380 754 428 septem
779 374 926 415 uberes
953 387 1079 414 annos
1106 375 1380 415 insecuturam
1408 374 1524 416 facile

101 447 118 474 ⁵
141 437 316 490 providit
346 436 583 490 remedium,
616 436 723 488 quod
755 435 964 488 praevidit.
1023 434 1247 475 secundum
1278 439 1414 476 tamen
1438 448 1524 476 mo-

138 497 263 538 ralem
308 498 549 536 sententiam
592 496 695 536 nihil
738 496 889 536 iudicio
933 508 1023 536 meo
1067 496 1203 535 minor
1243 500 1323 550 est,
1368 497 1439 549 qui
1479 497 1524 537 in

140 558 447 610 superveniente
486 556 610 597 simili
654 558 895 597 necessitate
934 569 1016 596 non
1054 556 1205 596 divinat
1244 561 1285 596 et
1323 555 1522 613 subvenit.

139 616 177 659 8.
220 622 482 671 quapropter,
528 619 605 657 etsi
650 617 699 657 ad
744 618 948 669 integrum
993 618 1179 657 conicere
1224 629 1306 657 non
1343 629 1524 672 possum,

138 683 306 730 quantas
332 677 406 717 tibi
427 679 575 730 gratias
596 677 851 718 Arelatenses
871 677 1080 731 Reienses,
1105 677 1373 733 Avenniocus,
1398 678 1523 719 Arau-

85 748 121 774 ιο
140 740 339 778 sionensis
380 750 539 791 quoque
579 743 618 778 et
656 738 859 792 Albensis,
896 738 1210 790 Valentinaeque
1241 735 1324 779 'nec
1361 750 1444 779 non
1483 742 1524 779 et

134 798 382 839 Tricastinae
408 798 523 838 urbis
548 811 762 851 possessor
781 798 970 853 exsolvat,
997 800 1091 852 quia
1111 798 1275 839 difficile
1296 803 1360 839 est
1378 811 1522 840 eorum

135 871 183 899 ex
221 871 310 899 asse
349 864 439 899 vota
470 861 623 913 metiri,
663 859 812 912 quibus
850 861 1012 900 noveris
1045 859 1277 899 alimoniam
1309 861 1397 900 sine
1430 872 1521 901 asse

135 918 336 973 collatam,
374 919 545 959 Arverni
582 925 717 959 tamen
756 920 894 973 oppidi
932 932 1006 973 ego
1046 921 1209 960 nomine
1247 919 1396 960 uberes
1427 933 1520 974 per-

135 992 254 1032 quam
291 982 440 1032 gratias
479 993 550 1032 ago
558 1012 569 1033 ,
608 982 677 1020 cui
712 986 758 1020 ut
790 993 1030 1021 succurrere
1062 980 1325 1034 meditarere,
1366 993 1450 1021 non
1479 985 1521 1022 te

81 1048 115 1075 15
135 1042 363 1080 communio
397 1042 638 1095 provinciae,
675 1053 757 1081 non
787 1043 1026 1094 proximitas
1060 1042 1247 1095 civitatis,
1286 1053 1369 1081 non
1401 1053 1521 1095 opor-

133 1101 283 1140 tunitas
322 1101 451 1154 fluvii,
493 1113 574 1141 non
612 1101 760 1142 oblatio
799 1103 922 1155 pretii
960 1101 1139 1142 adduxit.
1204 1099 1244 1142 9.
1283 1103 1421 1155 itaque
1459 1103 1522 1142 in-

134 1165 272 1212 gentes
310 1174 383 1213 per
420 1174 483 1201 me
525 1162 706 1202 referunt
746 1167 897 1216 grates,
937 1162 1084 1215 quibus
1117 1161 1261 1214 obtigit
1291 1175 1366 1215 per
1397 1163 1516 1216 panis

133 1222 194 1260 tui
225 1220 508 1261 abundantiam
541 1222 588 1262 ad
622 1225 685 1262 sui
718 1223 1003 1264 sufficientiam
1035 1224 1260 1276 pervenire.
1324 1224 1451 1276 igitur
1484 1224 1522 1263 si

134 1281 311 1321 mandati
355 1282 478 1322 officii
521 1284 658 1322 munia
703 1285 800 1324 satis
844 1284 984 1324 videor
1029 1283 1238 1337 implesse,
1293 1295 1343 1323 ex
1386 1283 1519 1336 legato

80 1352 116 1379 20
135 1343 301 1381 nuntius
343 1354 423 1381 ero.
487 1342 596 1383 ilicet
634 1345 736 1383 scias
775 1344 882 1384 volo:
922 1357 996 1397 per
1035 1356 1196 1384 omnem
1233 1343 1364 1384 fertur
1394 1344 1520 1397 Aqui-

133 1403 282 1441 taniam
319 1401 444 1454 gloria
482 1408 566 1457 tua3
606 1406 752 1444 amaris
791 1404 984 1459 laudaris,
1023 1404 1269 1445 desideraris
1301 1404 1516 1459 excoleris,

135 1463 313 1501 omnium
347 1463 596 1517 pectoribus,
635 1466 815 1505 omnium
846 1467 961 1505 votis.
1014 1466 1121 1505 inter
1152 1465 1252 1505 haec
1283 1469 1516 1518 temporum

134 1521 236 1561 mala
261 1522 391 1563 bonus
418 1524 618 1578 sacerdos,
649 1524 779 1565 bonus
805 1531 932 1580 pater,
964 1525 1095 1566 bonus
1121 1537 1251 1566 annus
1277 1538 1334 1580 es,
1366 1525 1515 1579 quibus

134 1594 278 1634 operae
310 1585 485 1635 pretium
526 1584 602 1624 fuit
633 1585 722 1625 fieri
761 1586 907 1626 famem
943 1599 1056 1627 suam
1088 1585 1290 1640 periculo,
1333 1587 1368 1626 si
1399 1585 1518 1627 aliter

80 1654 115 1680 25
136 1654 225 1682 esse
256 1655 336 1682 non
370 1648 527 1695 poterat
557 1650 625 1685 tua
657 1645 821 1698 largitas
853 1648 1143 1700 experimento.
1200 1659 1358 1687 memor
1389 1647 1522 1688 nostri

136 1714 225 1742 esse
258 1702 441 1757 dignare,
475 1704 636 1745 domine
668 1719 781 1759 papa.

231 1834 250 1865 1
276 1841 354 1866 non
379 1842 447 1868 om.
466 1832 514 1885 s),
540 1844 566 1868 ε.
595 1834 618 1870 l.
645 1835 732 1870 add.
759 1834 835 1879 ΜΞ,
858 1835 984 1872 minus
1010 1837 1121 1884 vulyo
1146 1838 1158 1882 ΙΙ
1184 1840 1205 1872 5
1231 1835 1416 1872 moralem
1442 1847 1513 1873 om.

134 1878 234 1963 gigni}
260 1878 498 1974 roipeljtssenlsgsn
522 1881 707 1928 Regensis
727 1883 969 1929 Luetjohann
987 1887 1000 1931 ss
1022 1889 1064 1921 19
1092 1884 1210 1921 officii
1235 1896 1329 1922 corr.
1355 1896 1402 1922 ex
1427 1883 1514 1921 offi-

308 1956 320 1973 ,
406 1957 412 1964 .
