1592 2612
150 64 153 67 Ὗ
201 67 213 70 ”
252 62 264 92 ⁸
332 93 563 132 0111011100
587 92 840 131 TRYGETIO
866 92 959 130 suo
986 66 1228 130 0111111111
1383 92 1472 137 195

91 194 347 250 temporibus
376 195 560 237 hibernis
590 196 748 235 viarum
778 200 819 235 te
850 194 971 235 dubia
1003 194 1256 248 suspendunt
1287 199 1346 248 et,
1377 196 1471 248 quia

93 256 199 299 solet
226 255 460 310 Bigerricus
490 255 611 296 turbo
648 254 860 296 mobilium
898 267 1091 308 aggerum
1120 255 1270 295 indicia
1302 255 1470 295 consun-

90 317 201 372 dere,
231 316 433 371 quoddam
462 317 618 357 vereris
649 317 691 356 in
721 317 869 356 itinere
900 320 1066 356 terreno
1090 315 1278 368 pedestre
1309 315 1470 355 naufra-

90 374 232 431 gium?
291 375 334 418 2.
363 376 454 431 ubi,
490 387 754 430 quaesumus,
791 377 925 416 animo
956 380 1039 416 tam
1070 375 1259 416 celeriter
1295 377 1471 416 excessit

90 438 273 491 vestigiis
302 439 386 478 tuis
415 449 548 490 nuper
579 435 743 477 subacta
781 433 947 489 Calpis‘?
1006 435 1078 476 ubi
1109 436 1187 476 fixa
1220 437 1394 476 tentoria
1425 438 1469 476 in
1505 448 1522 475 ⁵

90 497 272 539 occiduis
301 497 453 538 finibus
477 494 794 537 Gaditanorum?
842 496 914 537 ubi
938 495 1005 536 ille
1032 496 1220 550 Trygetio
1245 508 1336 536 meo
1361 496 1469 536 idem

89 557 356 612 qui-Herculi
385 557 589 611 quondam
612 558 814 598 terminus
838 554 1156 610 peregrinandi?
1210 561 1421 597 tantumne
1447 569 1470 597 a

87 624 130 660 te
160 620 252 672 ipso
282 619 370 672 ipse
401 623 448 659 tu
478 618 704 672 discrepas,
740 622 785 658 ut
822 622 931 658 totus
967 619 1013 657 in
1044 617 1221 657 desidiae
1254 618 1342 657 iura
1373 629 1468 657 con·

88 680 282 732 cesseriS,
325 691 406 731 quo
445 683 685 732 peragrante
730 683 884 718 secreta
934 679 1147 730 regionum
1195 676 1468 717 fabulosarum

86 741 203 793 prius
233 739 363 779 defuit
386 740 492 779 actio
516 738 666 779 laboris
693 750 812 791 quam
838 738 1083 791 fatigationis
1109 734 1310 778 intentio?
1360 736 1400 778 3.
1427 743 1468 777 et
1488 751 1524 777 ιο

85 804 180 853 post
214 799 315 840 haec
350 804 513 852 portum
549 798 759 851 Alingonis
796 804 879 838 tam
909 799 1027 851 piger
1057 797 1206 852 calcas,
1246 810 1293 837 ac
1326 799 1361 838 si
1391 797 1467 838 tibi

86 872 195 901 nunc
226 864 337 900 esset
366 859 417 900 ad
447 858 619 899 limitem
649 858 903 899 Danuvinum
935 864 1075 899 contra
1106 860 1339 898 incursaces
1363 857 1465 898 Mas-

87 925 246 974 sagetas
274 919 627 974 proficiscendum,
652 919 716 960 vel
742 920 778 959 si
801 931 910 959 nunc
936 920 1058 959 etiam
1082 923 1174 959 tuae
1206 920 1299 958 navi
1324 922 1463 970 stagna

85 978 275 1021 Nilotidis
311 992 439 1034 aquae
469 991 544 1033 per
575 979 785 1032 indigenas
817 979 1031 1019 formidata
1061 978 1301 1019 crocodillos
1332 983 1464 1019 trans-
1504 993 1511 998 ·

83 1041 342 1082 fretarentur.
404 1045 446 1080 et
491 1052 585 1080 cum
623 1052 700 1080 nec
740 1039 954 1080 duodecim
997 1039 1155 1079 milium
1200 1038 1361 1079 obiectu
1406 1040 1465 1079 sic
1486 1051 1522 1078 ιε

84 1100 317 1155 retarderis,
348 1100 464 1155 quid,
494 1106 702 1154 putamus,
733 1112 826 1140 cum
858 1101 1040 1140 exercitu
1070 1099 1194 1140 Marci
1227 1098 1390 1139 Catonis
1421 1100 1464 1139 in

0 1174 3 1179 ·
82 1160 293 1214 Leptitana
331 1160 449 1214 Syrte
487 1157 685 1201 fecisses?
746 1159 788 1201 4.
826 1160 899 1200 sed
938 1159 1159 1213 quamlibet
1197 1159 1281 1199 sola
1310 1159 1463 1199 hiema-

82 1221 182 1262 lium
220 1233 436 1262 mensuum
475 1222 640 1262 nomina
681 1226 851 1274 tremas,
890 1226 973 1261 tam
1017 1219 1195 1261 clemens
1239 1225 1302 1260 est
1338 1219 1463 1259 facies

82 1281 195 1336 caeli,
219 1287 303 1322 tam
326 1281 475 1336 tepida,
499 1286 580 1322 tam
607 1281 707 1322 suda
733 1286 775 1322 et
799 1282 858 1321 sic
890 1293 1008 1321 auras
1033 1293 1148 1333 mage
1175 1292 1296 1333 quam
1321 1285 1463 1320 ventos

82 1341 222 1396 habet,
260 1347 306 1382 ut
345 1347 386 1382 te
426 1354 508 1382 non
548 1341 677 1382 valeat
717 1343 878 1382 enixius
918 1342 1094 1381 retinere
1139 1346 1300 1393 tempus
1342 1352 1461 1393 quam
1482 1353 1520 1380 κο

82 1403 253 1443 invitare
284 1403 514 1455 temperies.
571 1402 643 1442 sed
675 1403 711 1441 si
742 1401 957 1454 epistulam
989 1403 1149 1454 spernis
1181 1402 1463 1454 evocatoriam,

83 1462 218 1516 credo,
248 1461 313 1502 vel
341 1461 528 1502 versibus
558 1474 641 1502 non
666 1461 951 1515 reluctaberis,
982 1460 1272 1514 impulsoribus
1303 1460 1462 1500 blandis
1517 1466 1531 1482 ·

84 1528 126 1563 et
156 1522 350 1563 desiderii
380 1524 475 1576 mei,
506 1527 701 1574 quantum
732 1523 929 1574 suspicor,
955 1522 1133 1561 strenuis
1165 1520 1462 1574 executoribus,

83 1594 256 1636 quorum
281 1584 324 1622 in
348 1587 389 1622 te
416 1587 546 1622 castra
565 1587 658 1635 post
681 1581 850 1622 biduum
875 1580 1245 1622 commovebuntur.
1299 1578 1341 1621 5.
1368 1592 1462 1620 ecce

83 1642 277 1683 Leontius
301 1654 431 1696 meus,
455 1641 570 1682 facile
591 1643 748 1695 primus
773 1642 1192 1695 Aquitanorum„ecce
1212 1642 1291 1680 iam
1316 1653 1459 1693 parum
1480 1652 1515 1679 25

82 1703 252 1743 inferior
282 1708 450 1756 parente
482 1701 673 1742 Paulinus
712 1702 760 1742 ad
798 1701 931 1742 locum
964 1714 1085 1754 quem
1118 1713 1239 1753 supra
1271 1700 1355 1740 dixi
1387 1713 1461 1753 per

82 1762 294 1804 Garunnae
342 1763 491 1803 fluenta
532 1762 744 1803 refluentia
787 1775 868 1802 non
911 1761 1029 1802 modo
1074 1761 1148 1801 11111
1194 1773 1286 1801 011111
1330 1759 1458 1800 classe

81 1836 222 1864 verum
266 1825 387 1864 etiam
437 1835 528 1863 cum
572 1822 737 1863 flumine
785 1827 1012 1863 occurrent.
1075 1821 1141 1861 hic
1182 1827 1271 1861 tuas
1318 1820 1457 1860 laudes

80 1883 307 1924 modificato
340 1883 560 1924 celeumate
592 1882 712 1923 simul
742 1884 849 1923 inter
879 1887 1054 1923 transtra
1086 1882 1280 1934 remiges,
1311 1880 1457 1933 guber-

80 1950 242 1985 natores
274 1946 380 1984 inter
411 1943 604 1996 aplustria
636 1948 792 1984 canent.
855 1943 920 1983 hic
961 1947 1001 1982 te
1033 1942 1266 1982 aedificatus
1300 1939 1456 1981 culcitis
1476 1953 1512 1980 30

81 2085 121 2127 (a
145 2094 238 2120 corr.
264 2084 307 2119 in
332 2093 378 2118 ae
404 2082 540 2127 M¹)M
546 2082 581 2118 T
613 2084 626 2125 ΙΙ
663 2086 685 2117 2
712 2081 810 2118 solet
842 2082 908 2128 leq.
938 2085 1025 2127 post
1057 2080 1287 2116 confundere
1313 2081 1356 2116 in
1383 2079 1415 2116 Ο
1447 2080 1460 2127 Η

81 2134 103 2167 3
128 2130 373 2177 naufragium
398 2130 575 2176 pedestre
604 2130 635 2166 0
649 2132 662 2174 ll
683 2134 727 2166 13
752 2130 843 2166 navi
863 2130 898 2165 L
923 2135 958 2166 et
984 2131 1093 2173 (corr.
1119 2130 1162 2163 in
1187 2139 1303 2164 naves
1323 2127 1460 2174 N²)N‚

78 2190 197 2215 naves
216 2181 271 2226 (es
291 2181 333 2215 in
352 2191 425 2215 ras.
450 2178 498 2215 V¹
506 2179 585 2222 M‘1)
600 2178 689 2214 VM
695 2179 726 2215 C
732 2179 766 2214 T
781 2181 793 2224 ss
813 2182 858 2213 14
878 2177 1219 2213 transfretarentur
1238 2176 1272 2211 L
1292 2180 1326 2212 et
1347 2178 1456 2221 (corr.

79 2229 123 2264 in
147 2227 441 2263 transfretarent
467 2227 540 2271 Νι)
550 2226 601 2271 Ν,
626 2226 920 2262 transfretarent
952 2225 1043 2261 VM
1050 2224 1149 2270 GTu
1171 2228 1214 2259 17
1242 2223 1325 2270 sed]
1353 2224 1401 2260 de
1422 2224 1458 2259 L

77 2275 92 2322 ΙΙ
118 2279 162 2312 18
186 2286 386 2311 mensuum
413 2275 464 2319 L,
492 2274 678 2310 mensium
704 2274 749 2310 N
759 2275 846 2311 VM
851 2275 949 2318 GTu
969 2277 1012 2308 21
1040 2272 1205 2307 invitare
1231 2272 1319 2316 LT,
1345 2272 1456 2308 mini-

80 2324 163 2359 tare
189 2324 240 2359 M
244 2324 282 2369 G,
315 2323 376 2359 vel
401 2322 564 2358 invitare
589 2334 617 2359 s.
645 2323 668 2359 l.
695 2323 782 2360 add.
810 2323 860 2358 M
865 2324 888 2367 ¹,
920 2322 1082 2357 invitare
1108 2331 1222 2364 eras„
1254 2319 1315 2356 vel
1345 2320 1457 2356 mini-

0 2402 5 2408 .
43 2373 165 2408 ’1010
188 2383 218 2408 8.
246 2372 268 2407 l.
296 2372 382 2408 add.
411 2371 501 2416 N’ss

1169 2429 1240 2465 13*
