1592 2612
610 125 816 164 CARMEN
841 126 906 164 1x.
1363 116 1454 169 297

287 230 443 271 insanis
474 230 680 282 equitasse
713 240 806 268 cum
837 228 1010 268 catervis

286 290 544 343 admissoque
575 290 619 329 in
649 289 782 329 Athon
812 293 994 328 tumente
1026 292 1150 341 ponto

285 353 397 392 iuxta
427 350 672 391 frondiferae
704 361 899 390 cacumen
930 348 1042 401 Alpis

287 410 460 465 scalptas
492 410 690 452 classibus
721 411 803 450 isse
838 422 912 463 per
944 421 1147 449 cavernas.

217 480 266 514 50
349 471 440 512 Non
471 470 628 525 prolem
660 469 931 511 Garamantici
962 469 1175 523 Tonantis,

287 533 425 585 regnis
458 530 794 585 principibusque
826 532 1144 585 principantem,

285 597 494 647 porrectas
526 592 643 632 Asiae
675 591 818 645 loquar
847 596 1017 644 paterno

289 658 424 694 actum
456 652 624 693 fulmine
655 651 886 705 pervolasse
918 656 1048 692 terras

289 718 331 754 et
360 715 538 767 primum
567 712 680 753 Darii
710 712 1002 753 tumultuantes

217 782 264 816 55
290 774 517 828 praefectos
551 778 810 826 satrapasque
843 772 1091 826 perculisse,

289 846 385 875 mox
416 836 551 887 ipsum
583 833 686 874 solio
718 838 879 887 patrum
912 832 1133 886 superbum

290 899 561 948 cognatosque
595 893 673 934 sibi
706 894 803 934 deos
835 898 1066 947 crepantem

291 957 420 1009 captis
453 957 643 1008 coniuge,
674 954 834 1009 liberis,
864 958 1031 1008 parente

290 1017 334 1056 in
366 1028 484 1056 casus
514 1015 693 1055 hominis
724 1015 859 1055 redire
892 1016 1068 1068 iussum3

219 1085 266 1119 60
293 1077 363 1130 qui
395 1088 487 1116 cum
519 1077 693 1116 maxima
725 1075 831 1116 bella
863 1077 1107 1116 concitasset

290 1141 374 1177 tota
405 1141 447 1177 et
478 1135 657 1177 Persidis
688 1135 868 1189 undique
900 1140 1087 1188 gregatae

289 1209 370 1238 uno
403 1198 683 1237 constituisset
713 1209 824 1237 arma
855 1208 1016 1250 campo,

288 1257 366 1298 hoc
398 1257 529 1298 solum
554 1256 793 1310 perhibetur
823 1262 1052 1311 assecutuS,

292 1318 469 1358 dormire
502 1322 548 1358 ut
578 1317 725 1358 melius
756 1317 903 1358 liberet
933 1317 1052 1357 hosti.

221 1387 268 1420 65
355 1377 446 1418 Non
478 1383 614 1418 vectos
646 1378 800 1431 Minyas
832 1377 1022 1430 loquente
1055 1377 1154 1417 silva

292 1438 424 1478 dicam
455 1438 646 1478 Phasiaco
680 1439 841 1485 stetisse
873 1443 1016 1492 portu,

296 1498 423 1538 forma
455 1500 609 1551 percita
641 1510 734 1538 cum
766 1498 882 1539 ducis
914 1497 1072 1550 Pelasgi

293 1558 471 1599 molliret
507 1558 669 1598 rabidos
701 1560 839 1611 virago
870 1563 1028 1611 tauros,

294 1631 370 1659 nec
402 1624 489 1659 tum
520 1620 680 1672 territa,
713 1631 805 1659 cum
839 1631 937 1659 suus
969 1618 1137 1659 colonus

222 1689 268 1722 7ο
294 1684 387 1733 post
417 1680 560 1732 anguis
592 1679 734 1719 domiti
766 1684 874 1719 satos
906 1678 1079 1719 molares

296 1744 471 1780 armatas
503 1739 796 1780 tremebundus
828 1741 936 1779 inter
966 1738 1114 1779 herhas

296 1800 442 1840 florere
475 1801 518 1840 in
551 1805 729 1852 segetem
761 1804 944 1853 stuperet
974 1799 1134 1839 hostem

295 1866 336 1900 et
366 1859 639 1913 pugnantibus
670 1860 765 1900 hinc
797 1865 837 1901 et
868 1860 963 1900 hinc
995 1861 1132 1900 aristis

297 1933 418 1973 supra
452 1919 658 1961 belliferas
690 1920 853 1961 madere
885 1920 1047 1973 glaebas

225 1990 269 2023 75
297 1981 498 2022 culmosos
531 1980 651 2020 viridi
682 1993 826 2022 cruore
860 1981 1016 2021 fratres

357 2040 446 2080 Non
478 2041 543 2081 hic
574 2043 819 2094 terrigenam
853 2041 995 2094 loquar
1027 2040 1234 2081 cohortem

298 2101 474 2141 admixto
506 2113 620 2154 mage
652 2102 825 2142 vividam
857 2114 1031 2155 veneno,

298 2163 364 2201 cui
396 2166 558 2214 praeter
590 2164 767 2214 speciem
800 2162 919 2202 modo
953 2166 1158 2202 carentem

299 2234 451 2275 angues
485 2222 724 2275 corporibus
756 2222 1019 2263 voluminosis

176 2366 222 2399 53
250 2361 395 2409 actum]
423 2363 477 2399 sic
502 2363 606 2399 codd.
639 2363 652 2409 Ι
689 2367 735 2399 57
763 2363 855 2399 deos
882 2362 958 2398 sibi
987 2362 1021 2398 T
1054 2364 1067 2408 ΙΙ
1105 2366 1150 2398 65
1176 2362 1308 2398 vectos
1334 2362 1465 2410 vulgo,-

76 2421 210 2447 vescos
240 2411 360 2456 0PT,
387 2421 521 2447 vescas
551 2411 609 2457 F;
634 2423 685 2447 an
710 2411 880 2457 priscos?
906 2411 1180 2457 LuetJ'okannfl
