1592 2612
5 47 21 76 ’ς’
135 78 368 124 amonius
389 84 588 124 nomo
611 85 775 123 PAPAE
800 85 1051 124 rnmcmo
1066 86 1320 131 SALUTEM.
1370 87 1457 130 211

83 186 283 242 expediat,
306 198 359 227 ne
384 186 609 228 salebrosas
634 200 752 241 passa
777 189 986 228 iuncturas
1011 200 1086 241 per
1111 200 1313 228 cameram
1337 189 1462 242 palati

82 246 257 288 volutata
285 246 499 303 balbutiat3
536 252 620 288 tota
663 248 838 305 denique
882 248 1035 301 liquida
1077 261 1246 301 prorsus
1284 253 1326 289 et
1363 249 1460 289 duc-

81 306 188 362 tilis,
222 306 349 355 veluti
384 319 478 348 cum
513 307 764 362 crystallinas
806 314 963 349 crustas
995 313 1064 349 aut
1095 309 1346 362 onychitinas
1377 321 1459 349 non

81 368 256 421 impacto
299 367 450 420 digitus
492 380 627 421 ungue
670 368 911 423 perlabitur,
955 370 1104 422 quippe
1149 370 1184 409 si
1227 369 1325 409 nihil
1366 382 1458 410 eum

81 429 247 468 rimosis
302 426 486 469 obicibus
541 434 756 482 exceptum
810 434 931 469 tenax
987 429 1163 469 fractura
1218 434 1457 470 remoretur.
1495 444 1514 471 5

79 485 122 529 4.
154 487 253 542 quid
283 486 430 542 plura?
466 501 548 529 non
579 494 689 530 extat
712 489 762 530 ad
786 501 980 543 praesens
1004 491 1084 529 vivi
1109 489 1285 530 hominis
1316 492 1458 544 oratio,

81 561 203 602 quam
243 549 390 602 peritia
431 554 501 589 tua
543 561 626 590 non
669 551 757 590 sine
801 549 938 590 labore
981 549 1210 602 transgredi
1253 555 1375 603 queat
1411 563 1457 590 ac

79 608 359 662 supervadere.
408 609 516 649 unde
549 614 590 650 et
614 622 740 663 prope
761 612 957 664 suspicor,
977 610 1138 650 domine
1157 622 1272 664 papa,
1291 615 1458 664 propter

81 669 287 722 eloquium
326 669 534 710 exundans
572 675 690 723 atque
729 670 932 710 ineffabile
978 666 1114 726 (venia
1156 672 1211 710 sit
1248 666 1377 726 dicto)
1415 675 1455 711 te

79 728 303 783 superbire.
372 729 443 770 sed
493 729 590 770 licet
632 730 738 770 bono
778 730 929 783 fulgeas
979 737 1025 771 ut
1075 732 1345 771 conscientiae
1396 732 1455 771 sic
1475 745 1512 772 10

78 789 269 830 dictionis
289 789 624 845 ordinatissimae,
642 803 717 831 nos
742 790 818 830 tibi
836 796 971 831 tamen
989 792 1156 831 minime
1183 803 1322 831 sumus
1348 791 1456 831 resu-

79 849 229 904 giendi,
260 851 331 902 qui
360 849 464 890 bene
496 852 646 904 scripta
671 850 892 905 laudamus,
918 852 995 891 etsi
1020 851 1216 891 laudanda
1247 863 1328 891 non
1355 853 1456 892 scri·

77 909 224 950 bimus.
286 907 326 951 5.
372 911 563 963 quocirca
594 910 734 951 desine
773 913 817 951 in
847 917 1057 964 posterum
1087 917 1226 951 nostra
1252 911 1455 967 declinare

50 968 55 971 ’
79 969 247 1030 iudicia,
276 982 379 1023 quae
410 970 513 1010 nihil
543 971 729 1024 mordax,
759 971 862 1012 nihil
894 984 1053 1024 quoque
1086 973 1292 1012 minantur
1323 973 1455 1016 incre-

74 1023 288 1084 patorium.
332 1029 524 1084 alioquin,
550 1031 806 1072 sidistuleris
838 1037 1016 1072 nostram
1043 1031 1297 1072 sterilitatem
1317 1032 1454 1072 sacun—
1475 1045 1510 1072 15

76 1090 140 1131 dis
165 1089 381 1131 fecundare
414 1090 638 1145 colloquiis,
664 1091 956 1145 aucupabimur
980 1092 1182 1133 nundinas
1207 1091 1455 1133 involantum

75 1155 117 1191 et
146 1149 260 1200 ultro*
294 1151 443 1191 scrinia
480 1156 548 1192 tua
592 1151 871 1193 coniventibus
912 1152 1029 1193 nobis
1062 1165 1107 1193 ac
1140 1146 1471 1193 subornantibus

75 1211 335 1252 effractorum
371 1223 516 1252 manus
554 1217 694 1265 arguta
731 1212 991 1266 populabitur
1030 1211 1317 1266 inchoabisque
1357 1218 1454 1253 tunc
1504 1249 1506 1251 .

72 1270 223 1312 frustra
242 1273 396 1311 moveri
422 1271 616 1325 spoliatus
639 1272 760 1327 furto,
788 1274 823 1313 si
849 1285 955 1314 nunc
981 1278 1146 1326 rogatus
1171 1285 1254 1317 non
1279 1275 1454 1313 moveris

25 1377 28 1380 ,
73 1331 218 1372 officio.
274 1343 429 1372 memor
459 1334 590 1373 nostri
621 1345 711 1373 esse
744 1333 929 1388 dignare,
961 1333 1123 1374 domine
1156 1346 1268 1386 papa.
1473 1347 1508 1372 20

700 1497 821 1541 VIII.
1335 1535 1341 1541 .

169 1578 396 1616 SIDONIUS
421 1578 617 1616 DOMINO
643 1578 806 1615 PAPAE
832 1579 1082 1617 PRINCIPIO
1110 1580 1353 1618 SALUTEM.

167 1654 204 1696 1.
249 1655 499 1709 Quamquam
536 1655 654 1696 nobis
692 1668 773 1696 non
812 1656 1087 1710 opinantibus,
1125 1657 1451 1698 desiderantibus

72 1721 207 1757 tamen
239 1715 394 1757 litteras
426 1721 515 1757 tuas
547 1715 724 1757 reddidit
755 1716 919 1770 gerulus
953 1718 1154 1771 antiquus,
1187 1717 1357 1758 idoneus
1389 1719 1449 1758 in-

71 1781 234 1831 ventus,
273 1778 339 1817 cui
371 1778 459 1817 iure
491 1777 662 1830 repetita
694 1776 910 1818 credantur
943 1777 1091 1831 officia,
1124 1777 1450 1830 quandoquidem

69 1838 200 1890 prima
231 1838 291 1878 sic
323 1836 478 1877 detulit.
541 1838 666 1890 igitur
698 1837 818 1878 affatu
850 1837 1028 1878 secundo
1060 1837 1123 1877 vel
1160 1839 1295 1890 potius
1326 1837 1447 1878 hene·
1469 1850 1504 1877 25

70 1897 246 1938 dictione
279 1897 450 1938 donatus
483 1898 570 1950 ipse
597 1909 758 1951 quoque
784 1897 962 1951 rependo
989 1897 1160 1938 alterum
1187 1897 1306 1950 salve,
1332 1898 1448 1938 ohse-

70 1958 164 2011 quia
195 1956 431 1998 combinans
463 1958 644 1997 numeris
676 1963 856 2011 aequata,
883 1970 962 1998 non
988 1960 1156 1998 meritis.
1203 1957 1241 1998 2.
1275 1963 1314 1998 et
1341 1959 1447 2012 quia,

69 2017 230 2058 domine
261 2030 374 2072 papa,
404 2017 523 2057 modo
555 2018 725 2058 vivimus
751 2015 958 2074 <animis>
984 2020 1133 2058 iunctis
1166 2017 1447 2071 abiunctisque

69 2077 303 2131 regionibus
347 2077 710 2131 conspectibusque
761 2080 913 2119 mutuis
958 2079 1039 2119 frui
1084 2078 1320 2118 dissociatae
1367 2079 1468 2118 situ.

67 2137 325 2178 habitationis
381 2137 630 2192 inhibemur,
686 2143 815 2193 orate,
864 2144 909 2179 ut
959 2138 1125 2192 optabili
1176 2138 1444 2191 religiosoque
1465 2150 1501 2178 so

164 2269 186 2301 3
214 2265 457 2312 onychitinas
490 2265 750 2312 Luetjohann,
787 2265 1057 2312 onychintinas
1098 2267 1153 2302 vel
1190 2264 1447 2302 onichintinas

67 2313 171 2350 codd.
202 2314 216 2360 ΙΙ
249 2317 292 2350 16
319 2313 591 2360 aucupabimus
621 2314 652 2351 0
684 2316 697 2361 Ι
734 2318 779 2350 28
806 2314 945 2350 animis
972 2315 1061 2351 add.
1088 2314 1342 2360 Luetjohann,
1378 2326 1445 2351 om.

67 2361 171 2399 codd.
190 2363 204 2408 fl
222 2366 268 2399 29
295 2362 562 2409 conspectibus
594 2364 680 2408 (que
706 2364 791 2409 om.)
813 2362 854 2398 F
875 2365 888 2409 υ
1235 2399 1242 2407 ,

1157 2424 1231 2459 14*
