1592 2612
322 68 552 144 SJDONIIIS
579 81 788 120 GELASIO
815 81 909 119 SUO
936 80 1177 147 SaLUTEM.
1350 80 1439 124 231
1485 71 1493 81 ’

60 197 153 226 rum
183 185 370 239 quisquis
400 185 456 225 ita
486 183 615 224 malus
648 188 722 238 est,
747 188 792 224 ut
823 182 1028 235 intellegat
1059 181 1163 223 bene
1191 183 1344 239 scripta
1366 195 1444 223 nec

58 243 195 286 tamen
231 244 383 299 laudet,
420 244 528 285 hunc
569 244 665 284 boni
702 243 941 296 intellegunt
979 255 1054 283 nec
1091 247 1226 283 tamen
1265 242 1442 284 laudant.

56 303 98 347 9.
130 304 301 359 proinde
333 316 450 346 curas
482 309 572 345 tuas
603 304 680 345 hoc
706 309 816 345 metu
848 302 1028 344 absolvo:
1061 303 1239 344 faventes
1273 303 1450 345 audient.

59 367 206 420 cuncti,
238 367 374 406 cuncti
405 365 597 419 foventes,
629 365 866 418 gaudiisque
900 376 1002 416 quae
1034 363 1157 404 facies
1190 365 1438 404 recreaturis

58 438 139 467 una
181 424 373 467 fruemur.
435 437 527 466 nam
571 424 754 478 plerique
796 424 1015 465 laudabunt
1054 423 1281 464 facundiam
1312 429 1438 478 tuam,
1475 436 1494 463 ⁵

57 486 225 540 plurimi
255 487 479 539 ingenium,
503 487 593 526 toti
636 485 844 538 pudorem.
901 497 983 525 non
1022 486 1130 526 enim
1162 486 1298 525 minus
1330 484 1442 525 laudi

59 546 213 588 feretur
251 546 549 587 adulescentem
586 545 668 600 vel,
707 545 813 598 quod
853 550 915 585 est
953 544 1180 599 pulchrius,
1212 557 1339 597 paene
1373 545 1444 585 ad-

57 606 137 647 huc
178 619 350 661 puerum
387 607 436 647 de
474 606 673 660 palaestra
716 605 869 659 publici
914 606 1111 645 examinis
1155 610 1238 645 tam
1280 617 1443 646 morum

58 667 212 708 referre
245 667 435 720 suffragia
468 679 588 720 quam
620 666 857 706 litterarum.
906 665 1013 706 ·vale.

320 914 548 952 SIDONiUS
575 914 780 952 GELASIO
808 913 901 951 SUO
929 913 1171 950 SALUTEM.
1461 924 1500 949 10

152 989 190 1033 1.
238 991 387 1032 Probas
427 988 585 1052 (neque
619 987 835 1057 deprecor)
882 1003 946 1031 me
985 990 1229 1045 deliquisse3
1273 990 1441 1045 deliqui,

58 1053 216 1122 quippe
249 1053 318 1105 qui
355 1052 527 1093 necdum
565 1054 728 1092 nomine
766 1041 835 1092 t‘uo
867 1051 969 1092 ullas
1012 1053 1126 1104 operi
1163 1063 1253 1092 meo
1284 1051 1443 1091 litteras

59 1109 272 1153 iunxerim.
336 1112 407 1153 sed
445 1117 581 1153 tamen
614 1112 760 1153 scribis
793 1117 879 1152 tum
911 1111 1018 1165 quod
1052 1113 1271 1151 erraverim
1303 1113 1441 1152 venia-

23 1215 27 1220 ,
58 1171 139 1213 bile
171 1173 276 1231 fore,
318 1174 353 1213 si
391 1173 495 1226 quod
542 1178 582 1213 et
619 1174 706 1226 ipse
745 1173 934 1213 decantes
973 1173 1129 1212 mittam
1161 1171 1210 1212 ab
1243 1171 1441 1225 exemplo,

58 1234 154 1285 quia
186 1232 342 1274 scilicet
373 1233 570 1273 Tonantio
602 1246 692 1273 meo
725 1233 772 1273 ad
799 1245 937 1286 parem
965 1244 1125 1273 causam
1158 1232 1312 1272 futuras
1345 1233 1439 1272 usui
1460 1243 1496 1270 15

59 1292 214 1333 litteras
246 1292 440 1334 bimetras
472 1295 665 1333 miserim.
728 1298 890 1346 praeter
927 1293 1003 1333 hoc
1036 1294 1220 1346 quereris
1252 1294 1440 1346 paginam

60 1365 212 1407 meam,
254 1355 290 1393 si
329 1353 552 1394 resolvatur
583 1355 626 1394 in
658 1353 808 1407 lusum,
848 1348 944 1393 solis
984 1352 1328 1406 hendecasyllabis
1360 1353 1441 1393 fre-

60 1415 257 1466 quentari.
322 1426 399 1466 qua
432 1413 481 1454 de
515 1426 558 1453 re
590 1413 793 1454 trochaica
826 1413 1059 1466 garrulitate
1093 1425 1290 1466 suspensa
1323 1425 1441 1453 sena-

59 1472 183 1514 riolos
222 1473 377 1526 aliquos
421 1473 511 1526 plus
542 1475 743 1526 ‘requiris
801 1475 933 1514 servio
973 1474 1184 1527 iniunctis;
1229 1478 1273 1513 tu
1316 1473 1438 1514 modo

58 1532 241 1586 placidus
273 1534 461 1587 excipias,
494 1534 577 1573 sive
611 1534 714 1573 oden
740 1533 843 1574 hanc
875 1534 1155 1586 ipsam-mavis
1182 1546 1324 1574 vocare
1353 1535 1436 1574 sive
1457 1546 1496 1572 20

59 1593 253 1647 eglogam.
305 1606 396 1634 nam
423 1598 596 1634 metrum
628 1593 696 1634 diu
730 1594 1071 1646 infrequentatum
1104 1593 1244 1642 durius
1276 1595 1439 1634 texitur.
1489 1608 1491 1610 ·

301 1689 439 1743 Iubes,
472 1691 616 1743 amice,
648 1694 784 1729 nostra
816 1702 889 1742 per
921 1689 1122 1730 volumina

243 1750 373 1790 modis
407 1750 577 1790 resultet
609 1749 904 1790 incitatioribus
1002 1794 1006 1798 ,

242 1811 355 1851 ferox
390 1810 566 1864 iambus,
597 1815 642 1850 ut
674 1810 886 1850 trochaeus
918 1810 1132 1863 hactenus,
1185 1817 1189 1821 ·
1228 1824 1233 1831 ·

242 1872 457 1924 pigrasque
490 1870 602 1923 bigas
636 1875 676 1910 et
708 1875 902 1923 quaterna
934 1872 1115 1923 tempora

187 1939 209 1972 5
242 1931 445 1984 spondeus
478 1930 612 1984 addat,
644 1935 688 1971 ut
720 1943 873 1970 moram
906 1930 1133 1983 volucripes

242 1990 386 2031 habeat
417 2002 634 2044 parumper
666 1992 827 2031 insitam
861 1992 1078 2045 trimetria,

158 2122 179 2154 3
207 2118 366 2155 audient
390 2119 443 2155 ed.
471 2118 674 2164 Sirmondi,
699 2113 860 2154 aiidiunt
884 2119 987 2155 codd.
1013 2120 1024 2163 11
1051 2121 1073 2152 4
1099 2117 1324 2154 recreaturis
1351 2118 1384 2155 0
1403 2122 1439 2156 et

59 2166 91 2213 <i
116 2178 209 2204 corr.
235 2169 278 2203 in
302 2179 327 2202 u
347 2167 425 2212 M1)
436 2166 495 2211 M,
521 2169 758 2202 recreaturus
779 2167 870 2212 PF,
897 2166 1126 2202 recitaturus
1145 2166 1267 2213 vulgo,
1291 2176 1439 2202 recrea-

59 2216 122 2250 tus
143 2216 390 2252 Wilamowitz
409 2218 420 2261 Ι]
441 2219 461 2250 6
482 2227 534 2251 an
553 2214 666 2251 laude
686 2216 741 2252 vel
755 2215 957 2250 laudibus?
983 2214 1224 2260 Luetjohann
1242 2216 1254 2261 ΙΙ
1274 2217 1320 2250 20
1341 2214 1439 2250 acei-

59 2262 145 2309 pias
175 2263 229 2310 G}
252 2264 350 2299 oden
377 2263 633 2309 Isuetjoharm,
665 2263 774 2299 odem
804 2263 937 2300 OFM
957 2267 990 2299 et
1016 2267 1054 2306 (a
1079 2274 1106 2298 s.
1135 2263 1156 2298 l.
1184 2263 1270 2299 add.
1291 2263 1405 2308 P¹>P
1424 2263 1439 2308 Η

59 2312 209 2406 v.a3dusst
233 2313 285 2349 ed.
313 2311 600 2357 Elmenhorstii,
631 2312 671 2347 et
695 2312 799 2348 codd.
831 2313 843 2357 ΙΙ
874 2323 908 2348 v.
931 2315 951 2346 6
979 2310 1136 2346 insitam
1160 2311 1289 2358 vulyo,
1319 2310 1439 2347 insita.

57 2370 101 2396 co
156 2387 163 2395 .
