1592 2612
623 122 833 161 CARMEN
856 123 974 160 XXII.
1373 145 1376 147 ·
1403 122 1494 167 329

235 229 465 279 portantem
495 225 642 266 frontis
674 237 815 278 campo
847 237 922 278 per
952 237 1124 265 concava
1156 226 1307 265 montis

185 294 207 327 6
232 297 308 339 par
337 298 464 339 prope
495 286 710 326 transfossi
739 285 1002 326 tenebrosum
1034 285 1200 326 luminis
1232 290 1411 341 antrum,

230 346 398 400 hospes,
429 346 513 401 adi,
546 348 581 387 si
613 348 705 400 quis
736 346 917 399 Burgum
948 348 1147 387 taciturus
1179 345 1311 386 adisti.

231 411 272 447 et
302 406 399 447 licet
429 408 474 447 in
504 420 669 448 carmen
700 419 782 447 non
812 408 966 460 passim
997 407 1104 447 laxet
1133 406 1310 447 habenas

229 467 416 508 Phoebus
448 472 490 508 et
519 467 587 508 hic
618 469 715 508 totis
746 480 828 508 non
859 468 1009 520 pandat
1040 467 1205 508 carbasa
1237 468 1364 522 sandi,

231 529 403 581 quisque
434 533 569 569 tamen
602 534 736 569 tantos
767 541 849 569 non
876 528 1044 569 laudans
1077 540 1147 568 ore
1179 533 1346 581 penates

159 597 204 629 10
230 590 419 643 inspicis,
450 590 684 642 inspiceris:
716 594 881 630 resonat
913 590 1000 630 sine
1033 602 1130 629 voce
1162 588 1364 643 voluntas;

207 650 323 690 'nam
354 654 422 690 tua
453 655 494 690 te
526 651 696 690 tacitum
726 650 851 690 livere
886 650 1046 690 silentia
1077 649 1262 690 clamant.

289 709 396 763 Ergo
429 722 521 764 age,
552 710 724 765 Pierias,
756 710 900 764 Erato,
931 710 1034 750 mihi
1065 715 1231 763 percute
1265 710 1456 765 chordas3

229 775 472 823 responsent
502 771 652 826 Satyri,
684 771 936 824 digitumque
967 771 1192 824 pedemque
1224 776 1433 811 moventes

229 830 370 871 ludant
400 836 442 871 et
471 831 644 872 tremulo
676 844 757 872 non
790 837 981 885 rumpant
1011 833 1166 872 cantica
1198 831 1314 872 saltu.

158 899 204 932 15
231 892 422 944 quicquid
449 891 552 932 forte
579 892 704 945 Dryas
730 892 792 933 vel
818 892 1011 946 quicquid
1030 892 1276 945 Hamadryas
1301 904 1494 945 umquam

231 953 396 992 conexis
428 952 592 992 sibimet
623 953 770 993 festum
801 953 987 1006 plausere
1019 952 1215 1007 NapaeiS,

234 1012 464 1065 dependant
494 1013 632 1067 modo,
664 1013 815 1067 Burge,
846 1013 943 1068 tibi,
975 1013 1038 1054 vel
1070 1013 1218 1054 Naidas
1251 1014 1362 1067 istic,

229 1071 450 1114 Nereidum
482 1073 631 1114 chorus
664 1074 785 1128 alme,
819 1074 937 1128 doce,
969 1086 1062 1114 cum
1094 1074 1197 1114 forte
1231 1073 1421 1114 Garunna

228 1133 309 1174 huc
339 1134 536 1174 redeunte
568 1136 683 1174 venis
714 1139 965 1188 pontumque
998 1136 1040 1175 in
1072 1135 1239 1175 flumine
1273 1134 1418 1175 sulcas.

156 1202 205 1235 20
230 1193 363 1247 pande
395 1195 522 1247 igitur
553 1207 713 1249 causas,
744 1195 884 1250 Erato,
916 1195 1150 1248 laribusque
1185 1196 1237 1235 sit
1268 1195 1342 1235 ede

229 1256 322 1307 quis
353 1257 515 1309 genius;
546 1260 702 1296 tantum
735 1268 817 1296 non
850 1261 914 1297 est
945 1258 1032 1296 sine
1064 1255 1250 1309 praesule
1284 1255 1456 1296 culmen.

289 1314 409 1356 Forte
443 1316 686 1368 sagittiferas
717 1316 831 1357 Euan
863 1317 1077 1370 populatus
1108 1316 1302 1370 Erythras

227 1376 309 1415 vite
341 1377 579 1428 capistratas
612 1377 779 1429 cogebat
811 1377 860 1417 ad
887 1377 1029 1418 esseda
1054 1379 1201 1431 tigres3

230 1435 406 1475 intrabat
435 1435 638 1489 duplicem
671 1450 749 1489 qua
780 1443 888 1477 temo
920 1438 1134 1478 racemifer
1165 1450 1322 1491 arcum,

155 1503 202 1535 25
229 1496 433 1536 marcidus
464 1497 552 1549 ipse
586 1497 700 1537 sedet
731 1510 875 1550 curru;
908 1498 1042 1538 madet
1075 1498 1199 1538 ardua
1231 1499 1367 1538 cervix

109 1555 111 1558 ’
233 1555 367 1596 sudati
399 1556 448 1596 de
482 1569 574 1597 rore
607 1559 728 1611 meri,
760 1564 881 1611 caput
912 1571 1034 1599 aurea
1065 1563 1259 1611 rumpunt

230 1629 382 1657 cornua
414 1622 455 1656 et
486 1617 718 1670 indigenam
751 1618 978 1659 iaculantur
1010 1618 1192 1658 fulminis
1224 1620 1361 1671 ignem

230 1672 479 1732 (sumpserat
511 1677 587 1718 hoc
619 1690 790 1719 nascens
822 1681 1020 1732 primum,
1053 1692 1145 1720 cum
1177 1681 1341 1719 transiit
1373 1679 1469 1719 olim

230 1738 273 1777 in
304 1739 481 1791 patrium
513 1737 562 1778 de
594 1744 721 1779 matre
754 1736 928 1795 femur);
974 1740 1052 1779 fert
1082 1744 1243 1792 tempus
1275 1745 1493 1793 utrumque

157 1806 205 1839 30
230 1799 338 1838 veris
371 1810 468 1851 opes
501 1798 725 1852 rutilosque
758 1800 854 1853 ligat
885 1800 1087 1840 vindemia
1119 1800 1259 1854 ssores3

230 1858 446 1899 cantharus
478 1863 520 1899 et
550 1859 712 1912 thyrsus
745 1861 885 1901 dextra
917 1860 1108 1913 laevaque
1142 1861 1345 1914 feruntur,

230 1931 306 1959 nec
337 1920 438 1971 tegit
469 1924 648 1973 exertos,
680 1921 750 1961 sed
783 1922 910 1974 tangit
942 1921 1044 1974 palla
1077 1920 1269 1974 lacertos3

232 1979 348 2019 dulce
381 1984 520 2020 natant
551 1980 676 2034 oculi,
708 1994 810 2034 quos
843 1983 878 2022 si
912 1982 994 2021 sors
1028 1986 1155 2022 vertat
1187 1982 1229 2021 in
1262 1981 1440 2035 hostem,

232 2041 423 2080 attonitos
433 2072 444 2093 ‚
477 2039 607 2080 solum
639 2041 735 2081 dum
768 2044 911 2095 cernit,
948 2041 1122 2082 inebriat
1151 2041 1282 2082 Indos.

159 2108 205 2142 35
231 2106 317 2141 tum
351 2100 521 2140 salebris
555 2100 704 2142 saliens
737 2104 925 2155 quotiens
958 2115 1001 2142 se
1034 2103 1214 2142 concutit
1246 2103 1350 2156 axis,

229 2162 381 2214 passim
414 2160 585 2201 deciduo
617 2163 875 2214 perfunditur
907 2163 1037 2202 orbita
1070 2169 1215 2202 musto.

231 2221 485 2275 Bassaridas,
518 2221 699 2277 Satyros,
731 2222 858 2263 Panas
892 2223 1131 2275 Faunosque
1165 2222 1335 2262 docebat

110 2371 199 2407 pem
222 2362 334 2409 vulyo
352 2363 365 2408 ΙΙ
386 2365 407 2397 8
433 2362 538 2397 totus
561 2361 643 2398 TF
655 2363 668 2408 ΙΙ
689 2366 734 2398 10
760 2363 871 2410 voce]
897 2363 971 2399 fine
992 2363 1030 2398 P
1045 2364 1057 2409 ΙΙ
1078 2365 1123 2398 28
1149 2362 1313 2409 primum
1334 2373 1496 2399 nascens

111 2409 177 2455 Pu
196 2413 242 2445 29
268 2410 461 2456 utrimque
488 2410 619 2456 P1133
644 2411 763 2447 vertit
788 2411 866 2447 PT
882 2413 894 2457 ΙΙ
915 2417 959 2447 35
988 2411 1158 2447 salebras
1186 2411 1295 2458 PFu
