1592 2612
637 116 929 153 PRAEFATIO.
1354 116 1480 153 XXIX

89 224 183 274 gata
217 219 340 261 lectio
377 221 444 260 vix
480 224 617 273 potest
654 218 829 259 defendi.
890 218 983 272 Ipse
1015 217 1104 259 coll.
1138 231 1199 271 ep.
1226 218 1292 272 IX,
1318 216 1359 272 3,
1384 217 1414 259 4
1452 231 1478 259 a

89 283 253 323 saeculi
275 275 408 322 lucris
438 281 692 321 conieceram
722 282 885 321 saeculi
914 282 1034 320 lucro
1073 278 1336 320 scribendum
1375 291 1479 320 esse.

91 364 151 371 -—
169 341 214 396 V,
239 339 282 396 9,
306 339 335 383 3
367 345 507 381 contra
532 340 564 380 L
590 353 640 381 ex
671 339 842 393 reliquis
874 339 1083 380 codicibus
1114 338 1335 391 utriusque
1361 342 1479 380 resti-

90 404 165 443 tui.
197 425 256 431 —
287 401 332 456 V,
353 399 423 456 10,
447 401 476 443 2
509 404 592 442 iam
623 404 748 442 etiam
779 413 872 441 cum
905 400 1011 454 apud
1038 400 1289 455 Ciceronem,
1319 400 1478 441 Livium

93 458 165 519 (cf.
198 462 403 517 Zingerle,
435 459 509 502 ‘ki
540 461 636 516 phil.
669 457 882 502 Abhandl?
913 461 963 501 lv
988 474 1026 515 p.
1052 456 1152 516 45),
1183 461 1478 509 Quintilianum

92 525 343 578 inveniatur,
379 535 461 564 non
499 522 635 576 video,
677 535 751 563 cur
786 521 990 563 levissima
1023 523 1144 563 unius
1177 521 1206 563 C
1239 524 1478 563 auctoritate

92 585 181 625 nixi
219 597 242 625 a
279 584 447 625 Sidonio
486 583 777 624 abiudicemus.
839 583 1006 624 Accedit
1037 583 1144 636 quod
1177 595 1481 636 nonnumquam

96 646 219 686 etiam
250 645 357 699 apud
388 645 637 698 posteriores
676 646 899 697 scriptores
938 645 1134 698 occurrit,
1171 649 1217 684 ut
1256 644 1360 697 apud
1400 644 1482 684 Alc.

92 706 195 746 Avit.
221 719 260 759 p.
279 703 353 760 54,
378 704 435 747 28
457 708 540 746 iam
560 708 684 746 etiam
703 707 1006 757 prophetarum
1026 706 1278 756 temporibus
1284 720 1301 753 ;
1326 706 1368 745 in
1385 704 1481 746 Cod.

93 766 243 807 Theod.
270 766 319 820 X,
348 765 416 821 10,
444 764 500 807 19
534 769 616 806 iam
648 768 773 807 etiam
802 778 882 807 sua
918 768 1124 806 sententia
1167 761 1236 820 (cf.
1276 765 1483 807 Claudian.

94 840 217 868 carm.
243 827 342 881 Vm,
370 825 458 869 165
483 829 607 868 etiam
643 829 726 867 iam
759 828 876 874 tum).
908 849 966 854 —
993 825 1049 866 Ib.
1082 831 1223 866 contra
1254 825 1304 880 L,
1343 828 1413 880 qui
1445 833 1485 868 et

95 900 193 930 vero
230 887 371 942 habet,
409 893 449 929 et
486 900 584 929 vere
615 889 795 941 restitui,
827 893 869 927 et
900 889 993 940 quia
1026 886 1217 927 Sidonius
1250 893 1484 928 constanter

94 949 169 989 1130
207 948 412 989 locutione
450 950 579 988 utitur
611 955 653 988 et
684 950 778 1001 quia
810 953 902 988 ante
934 950 1110 999 optimus
1140 947 1333 988 librarius
1367 948 1483 989 facile

95 1021 234 1050 errare
258 1010 402 1063 potuit.
435 1032 492 1037 —
524 1008 582 1049 lb.
615 1007 642 1049 3
675 1010 828 1063 ambio,
869 1008 976 1061 quod
1008 1009 1052 1048 in
1083 1007 1115 1047 L
1146 1014 1227 1062 est,
1266 1009 1483 1062 repudian-

95 1070 211 1124 dum,
243 1071 407 1121 ambiqo
439 1071 661 1123 genuinum
692 1082 784 1110 esse
817 1069 919 1109 mihi
950 1081 1192 1122 persuasum
1226 1068 1301 1109 est.
1364 1069 1483 1110 Modo

96 1132 207 1171 enim
245 1130 439 1171 Sidonius
477 1130 652 1184 Sapaudi
690 1130 910 1170 dictionem
948 1129 1137 1170 laudibus
1175 1130 1350 1171 efferens
1382 1130 1485 1171 dixit

95 1190 394 1246 Palaemonem,
426 1190 669 1245 Gallionem,
707 1190 985 1245 Delphidium,
1023 1190 1124 1231 alios
1164 1203 1255 1231 cum
1294 1204 1342 1231 eo
1376 1204 1484 1231 com-

96 1254 234 1305 parari
263 1265 346 1293 non
383 1264 516 1306 posse.
579 1252 658 1292 Sed
696 1264 748 1292 ne
786 1253 958 1292 nimium
990 1251 1051 1291 illi
1082 1251 1258 1291 blandiri
1288 1252 1485 1306 videatur,

98 1312 211 1353 addit
234 1313 313 1354 hoc
338 1325 382 1354 se
409 1313 635 1353 concedere
662 1312 901 1360 Quintiliani
927 1314 1189 1353 acrimoniam
1214 1325 1485 1366 pompamque

97 1372 264 1414 Palladii
283 1375 322 1414 ei
347 1373 690 1427 aequiperabilem
709 1386 811 1414 esse.
849 1376 1081 1424 Adquiesco
1101 1374 1227 1426 igitur
1247 1368 1325 1428 (=
1347 1386 1486 1414 assen-

97 1435 191 1488 tior,
216 1430 415 1490 concedo)
442 1434 631 1488 postulat⁷
662 1440 707 1474 ut
733 1433 894 1487 aliquod
921 1433 1090 1474 verbum
1117 1439 1356 1488 opponatur,
1378 1435 1484 1487 quod

98 1496 344 1535 contrariam
369 1497 451 1534 vim
476 1494 707 1548 ambigendi
732 1496 758 1535 i.
779 1507 814 1534 e.
833 1495 1007 1548 negandi
1032 1493 1188 1534 habeat.
1210 1517 1268 1522 —
1290 1495 1332 1548 V,
1362 1493 1431 1550 14,
1458 1495 1486 1537 2

100 1554 405 1609 Luetjohannus
442 1567 524 1595 non
568 1560 679 1595 recte
720 1558 1064 1596 reverendissimo
1107 1557 1282 1608 scripsit.
1346 1555 1403 1596 Cf.
1437 1557 1486 1596 de

103 1615 348 1668 superlativo
375 1618 730 1657 reverentissimus
750 1615 1084 1668 Neue-Wagener
1103 1615 1151 1669 Π,
1169 1614 1272 1670 1213
1298 1615 1486 1669 Engelbr.

100 1676 125 1717 l.
153 1676 177 1716 l.
203 1689 242 1730 p.
271 1675 340 1717 11.
366 1699 423 1704 --
456 1676 512 1716 lb.
546 1678 588 1717 in
619 1675 755 1716 verbis
788 1678 848 1717 ad
877 1689 982 1727 quas
1007 1708 1016 1716 .
1045 1708 1054 1716 .
1082 1708 1090 1715 .
1118 1707 1127 1715 .
1156 1679 1286 1727 fiqulo
1321 1680 1489 1728 pariter

101 1743 226 1788 atque
257 1739 470 1778 hortuloni
499 1750 581 1778 non
614 1740 798 1788 oportuit
829 1739 1053 1778 convenire
1083 1738 1211 1776 miror
1243 1736 1487 1790 Luetjohan-

99 1810 198 1838 num
229 1803 397 1851 propter
428 1810 511 1838 non
542 1799 585 1838 in
617 1793 672 1837 ΡΖ
705 1810 736 1838 s.
762 1797 785 1837 l.
814 1797 994 1838 additum
1022 1799 1077 1837 ita
1110 1797 1342 1851 offendisse,
1369 1804 1419 1838 ut
1445 1801 1487 1839 in

100 1858 233 1899 adnot.
259 1863 459 1912 proponat
485 1855 593 1913 [ad]
606 1871 712 1909 quas
738 1891 746 1898 .
769 1891 777 1898 .
799 1891 806 1898 .
829 1890 838 1898 .
866 1855 1000 1912 [non]
1020 1861 1214 1909 oportuit.
1230 1881 1287 1886 -
1314 1858 1357 1912 V,
1377 1857 1446 1913 15,
1463 1862 1484 1901 1

101 1931 182 1972 qua
219 1919 269 1959 de
311 1931 432 1959 causa
468 1919 577 1959 idem
615 1925 655 1960 te
694 1919 925 1972 secluserit,
966 1920 1117 1959 nescio.
1180 1916 1408 1959 Dominum
1450 1927 1489 1961 te

101 1981 205 2020 mihi
233 1981 393 2030 sibique
424 1992 677 2021 communem
709 1980 758 2020 de
784 1979 949 2020 Ruricio
980 1979 1134 2019 dictum
1167 1984 1229 2019 est
1260 1978 1489 2021 urbanitate

102 2039 170 2080 illa
196 2044 283 2080 tum
308 2041 585 2081 usitatissima.
625 2040 683 2081 Cf.
710 2053 772 2093 ep.
798 2040 859 2094 IV,
879 2039 920 2094 2,
943 2040 981 2094 1,
1007 2039 1078 2080 ubi
1104 2039 1348 2080 Claudianus
1375 2040 1489 2082 Sido-

104 2101 219 2141 nium
238 2100 373 2141 verbis
401 2107 439 2142 te
465 2103 672 2142 dominum
699 2113 831 2142 meum
858 2100 1087 2153 alloquitur.
1116 2123 1171 2128 —
1194 2099 1236 2153 V,
1253 2099 1321 2153 16,
1341 2099 1369 2141 2
1389 2105 1489 2143 cite-

105 2163 199 2202 rior
223 2162 267 2201 in
292 2164 418 2202 citior
443 2167 599 2202 mutare
627 2174 971 2215 supervacaneum
998 2163 1130 2200 visum
1162 2166 1236 2214 est,
1262 2163 1356 2213 quia
1382 2163 1490 2203 idem

105 2220 211 2261 valet
242 2221 350 2274 quod
371 2225 517 2274 prior;
541 2223 591 2262 cf.
613 2235 674 2276 ep.
696 2222 743 2277 11,
766 2221 834 2275 14,
859 2223 879 2263 1
910 2228 1048 2263 aetate
1074 2224 1282 2262 citeriore.
1304 2245 1360 2250 ——
1382 2223 1438 2263 Ib.
1461 2226 1487 2263 4

105 2281 156 2321 ad
187 2281 310 2322 verba
342 2285 444 2323 votis
477 2285 519 2323 in
552 2295 764 2324 commune
796 2285 1020 2334 deposcens
1060 2282 1108 2321 cf.
1142 2282 1263 2321 etiam
1294 2282 1488 2338 Panegyr.

104 2355 142 2395 p.
175 2339 273 2396 146,
299 2341 357 2383 29
392 2338 474 2398 (ed.
507 2339 669 2399 Baehr.)
702 2345 780 2384 hoc
807 2375 815 2383 .
843 2375 852 2383 .
880 2375 888 2383 .
915 2345 1027 2383 omni
1055 2347 1242 2382 votorum
1274 2356 1489 2396 nuncupa-

104 2405 214 2444 tione
246 2405 513 2454 deposcimus.
535 2427 590 2432 —-
606 2403 650 2457 V,
680 2403 748 2457 17,
766 2404 786 2444 1
816 2403 864 2443 de
892 2415 1096 2454 quamque
1121 2408 1160 2443 et
1186 2416 1220 2443 v,
1241 2415 1302 2456 ep.
1323 2404 1370 2457 ΙΙ,
1393 2406 1430 2457 1,
1455 2406 1491 2446 1.
