1592 2612
115 120 202 163 180
589 115 734 152 LIBER
762 113 1001 152 ocrAvus.

112 220 299 262 ambosve
334 224 507 272 sectere,
546 218 831 257 decentissime
865 217 974 257 facis.
1038 220 1154 268 potes
1193 216 1302 256 enim
1339 219 1497 256 utrum-

113 294 191 334 que
224 293 335 320 more
363 292 441 332 quo
469 279 538 331 qui
564 279 728 332 optimo,
759 277 801 317 id
828 282 890 317 est
915 282 959 317 ut
986 275 1116 317 culto-1·
1135 275 1282 329 aliquis
1303 288 1324 317 e
1350 277 1496 330 primis

113 341 449 392 architectusque.
515 337 582 379 11.
617 343 815 392 ceterum,
854 343 898 378 ut
934 337 1011 377 tihi
1043 337 1092 377 de
1125 338 1328 377 venatoris
1361 337 1496 378 officio

115 414 235 455 quam
284 401 495 440 minimum
545 398 783 452 blandiaris,
833 410 1018 438 maxume
1067 399 1246 450 iniungo
1322 409 1497 450 namque

76 474 93 501 5
116 474 233 515 apros
267 461 415 501 frustra
447 461 489 500 in
520 458 716 499 venabula
754 471 890 513 vocas,
929 471 1030 511 quos
1063 457 1232 498 canibus
1264 459 1497 499 misericor-

113 523 302 575 dissimis,
335 519 481 573 quibus
515 519 706 573 abundas,
739 525 779 560 et
811 519 976 572 quidem
1008 518 1131 572 solus,
1163 531 1325 559 movere
1357 520 1497 572 potius

112 594 232 635 quam
264 593 513 621 commovere
547 582 765 620 consuesti.
822 585 921 634 esto,
955 581 1008 620 sit
1039 579 1292 632 indulgentia
1317 579 1499 633 dignum,

113 642 219 695 quod
252 641 513 682 reformidant
539 640 661 681 eatuli
692 642 753 681 tui
780 640 923 681 bestiis
950 642 1275 694 appropinquare
1300 638 1496 680 terribili-

113 702 189 743 bus
223 701 569 755 corpulentisque:
608 701 707 741 illud
746 702 887 754 ignoro
921 701 1122 754 quomodo
1162 713 1350 755 excuses,
1389 700 1498 754 quod

59 776 93 802 10
116 774 293 816 capreas,
326 775 450 815 pecus
477 763 636 816 simum,
668 763 820 814 pariter
847 766 886 801 et
913 762 1091 802 dammas
1117 763 1160 802 in
1186 761 1322 814 fugam
1346 773 1499 814 pronos

112 822 338 863 iacentibus
370 824 514 862 animis
545 822 778 875 pectoribus
805 824 965 876 erectis,
996 822 1185 875 passibus
1211 823 1316 862 raris
1342 821 1500 862 crebris

112 883 321 923 latratibus
358 887 669 936 prosequuntur.
736 881 802 923 12.
837 887 1084 936 quapropter
1115 883 1165 923 de
1197 882 1354 936 reliquo
1387 882 1496 923 fruc-

113 945 270 984 tuosius
296 943 449 983 retibus
477 943 739 996 cassibusque
767 956 957 996 scrupeas
985 956 1108 996 rupes
1135 948 1254 996 atque
1281 942 1499 996 opacandis

113 1003 260 1044 habilia
304 1003 442 1044 lustris
485 1003 622 1056 plosor
673 1005 863 1044 statarius
914 1016 1079 1044 nemora
1125 1005 1396 1044 circumvenis
1441 1015 1499 1056 ac,

62 1076 96 1103 15
118 1064 247 1117 pudor
280 1066 314 1103 si
347 1066 456 1118 quis,
493 1069 694 1116 temperas
727 1064 913 1105 cursibus
953 1066 1104 1118 apertis
1138 1070 1303 1117 quatere
1337 1076 1501 1117 campos

117 1130 158 1165 et
189 1124 373 1164 insidiari
404 1124 622 1177 lepusculis
655 1123 1007 1180 Olarionensibus3
1047 1137 1148 1178 quos
1184 1137 1260 1165 nec
1293 1129 1356 1165 est
1386 1125 1502 1178 tanti,

118 1197 209 1225 raro
235 1189 274 1225 te
303 1186 525 1225 insectante
553 1185 813 1239 superandos,
841 1185 997 1239 copulis
1024 1185 1156 1238 palam
1182 1186 1315 1226 ductis
1342 1186 1501 1238 inquie-

116 1246 206 1299 tari,
249 1246 329 1284 nisi
373 1246 553 1300 forsitan,
599 1246 694 1285 dum
739 1245 814 1286 tihi
852 1259 897 1286 ac
935 1248 1042 1299 patri
1080 1250 1220 1286 noster
1257 1245 1502 1299 Apollinaris

116 1307 344 1359 intervenit,
379 1307 528 1346 rectius
562 1307 630 1346 fiet
661 1311 706 1346 ut
739 1311 1015 1347 exerceantur.
1082 1305 1150 1348 13.
1185 1308 1365 1360 exceptis
1397 1307 1500 1347 iocis

62 1379 99 1405 20
118 1366 178 1406 fac
211 1367 335 1405 sciam
366 1366 538 1420 tandem,
571 1366 667 1419 quid
699 1372 750 1421 te,
790 1367 886 1421 quid
918 1367 1083 1408 domum
1115 1368 1234 1408 circa.
1299 1367 1371 1407 sed
1403 1379 1499 1407 ecce

119 1426 215 1466 dum
246 1427 325 1466 iam
366 1426 594 1481 epistulam,
641 1440 742 1480 quae
781 1427 851 1468 diu
890 1429 1035 1482 garrit,
1080 1427 1268 1468 claudere
1307 1432 1502 1481 optarem,

120 1486 278 1526 subitus
311 1499 332 1526 a
364 1486 550 1527 Santonis
583 1490 766 1542 nuntius,
801 1501 893 1529 cum
920 1501 998 1541 quo
1026 1488 1123 1529 dum
1148 1490 1209 1529 tui
1236 1487 1404 1528 obtentu
1429 1487 1501 1528 ali-

121 1546 217 1599 quid
249 1547 437 1587 horarum
470 1550 789 1589 sermocinanter
821 1550 1087 1603 extrahimus,
1127 1553 1360 1589 constanter
1392 1561 1501 1589 asse-

120 1608 271 1647 veravit
302 1620 431 1660 nuper
463 1621 531 1648 vos
559 1608 772 1649 classicum
798 1611 841 1649 in
868 1609 996 1650 classe
1023 1611 1222 1650 cecinisse
1249 1614 1368 1662 atque
1395 1610 1504 1650 inter

67 1679 103 1706 25
122 1668 251 1707 officia
283 1680 389 1708 nunc
427 1674 589 1723 nautae,
627 1670 745 1709 modo
778 1669 919 1710 militis
957 1670 1145 1710 litoribus
1178 1669 1329 1710 Oceani
1367 1671 1504 1711 curvis

122 1729 301 1768 inerrare
329 1733 466 1768 contra
493 1729 694 1770 Saxonum
720 1731 872 1783 pandos
899 1743 1179 1784 myoparoneS,
1206 1742 1379 1783 quorum
1405 1734 1505 1783 quot

124 1790 297 1840 remiges
328 1789 489 1842 videris,
522 1790 689 1830 totidem
723 1795 761 1830 te
794 1803 962 1831 cernere
989 1796 1107 1844 putes
1135 1790 1416 1843 archipiratas:
1449 1792 1505 1830 ita

125 1848 244 1888 simul
276 1861 415 1888 omnes
447 1851 646 1902 imperant
684 1856 845 1905 parent,
884 1851 1030 1892 docent
1062 1851 1224 1892 discunt
1260 1850 1505 1892 latrocinari.

124 1908 230 1948 unde
262 1921 369 1949 nunc
401 1911 521 1950 etiam
559 1916 604 1950 ut
636 1923 755 1963 quam
792 1911 1013 1965 plurimum
1052 1924 1210 1966 caveas,
1255 1924 1375 1953 causa
1413 1924 1505 1952 suc-

127 2012 194 2058 (im
220 2013 263 2048 in
286 2014 375 2059 ras.)
396 2014 437 2059 V,
464 2015 504 2050 et
528 2016 666 2050 cuncta
685 2015 741 2061 M,
771 2015 829 2051 vel
855 2015 1023 2052 cunctim
1049 2017 1135 2053 add.
1156 2018 1200 2053 in
1225 2028 1343 2064 marq.
1363 2015 1439 2060 M1,
1467 2015 1507 2051 et

128 2062 327 2097 cunctam
354 2062 418 2107 L2,
446 2066 485 2098 et
511 2062 678 2099 cunctim
707 2063 744 2109 Ο,
771 2064 832 2100 vel
858 2066 997 2100 cuncta,
1023 2065 1110 2102 add.
1135 2076 1164 2101 s.
1189 2065 1212 2102 l.
1235 2064 1301 2111 G¹;
1326 2065 1373 2110 cf.
1401 2064 1506 2100 Ptin.

129 2119 183 2163 ep.
203 2109 263 2154 II,
282 2112 360 2163 8,ζ
401 2110 530 2146 studes
571 2122 619 2147 an
657 2111 819 2157 piscaris
857 2123 907 2148 an
937 2113 1088 2149 venaris
1121 2124 1171 2148 an
1209 2112 1325 2149 simul
1356 2111 1507 2151 omnia:

129 2157 178 2192 πῖ).
198 2159 224 2192 2
257 2168 385 2192 omma
417 2158 531 2194 simul
562 2161 574 2206 ΙΙ
606 2164 626 2195 6
656 2161 695 2195 et
726 2160 882 2205 quidem
909 2161 1012 2197 solus
1040 2163 1079 2208 (u
1105 2173 1198 2198 corr.
1224 2173 1270 2198 ex
1295 2161 1309 2196 i
1341 2161 1407 2208 1⁷¹)
1420 2159 1512 2197 VM

135 2203 220 2257 TO,
259 2204 332 2240 etsi
365 2205 518 2250 quidem
551 2207 642 2243 solis
669 2208 722 2254 L,
762 2210 831 2245 et*
855 2213 893 2251 (1
922 2210 992 2245 litt.
1019 2221 1111 2246 eras.
1132 2210 1206 2254 N2)
1235 2209 1390 2255 quidem
1416 2208 1508 2244 solis

134 2251 240 2305 (solis
267 2264 359 2289 corr.
385 2256 428 2290 i‘n
454 2255 555 2291 solus
582 2256 627 2292 N
630 2257 654 2302 ¹)
664 2257 719 2302 N,
747 2259 787 2293 et
811 2256 858 2292 iis
886 2257 1042 2302 quidem
1068 2257 1160 2293 solis
1185 2257 1404 2303 Mommsen,
1436 2256 1510 2294 etsi

134 2301 303 2352 quietem
322 2301 437 2337 solvis
452 2303 527 2340 Leo
546 2306 558 2350 ss
578 2308 598 2340 7
623 2304 855 2341 consuevisti
870 2305 901 2341 0
916 2306 928 2351 ss
948 2310 969 2342 8
989 2305 1239 2342 reformident
1253 2306 1285 2343 Ο
1298 2307 1311 2352 ΙΙ
1331 2310 1351 2342 9
1372 2305 1509 2351 ignoro

134 2346 231 2403 illud
261 2348 291 2383 Ο
306 2350 317 2394 ΙΙ
339 2352 383 2383 14
407 2350 535 2395 plosor
561 2352 606 2398 L,
641 2352 764 2389 closor
789 2364 882 2390 corr.
909 2355 953 2390 in
980 2354 1105 2390 clusor
1139 2354 1196 2397 Vl,
1230 2353 1355 2390 elusor
1382 2353 1455 2391 TO
1476 2357 1512 2390 et

133 2407 177 2431 m
201 2407 274 2432 ras.
297 2397 347 2432 M
351 2397 369 2443 ¹,
399 2409 417 2432 c
444 2403 477 2435 et
502 2411 526 2434 u
552 2401 595 2436 in
619 2412 692 2437 ras.
714 2401 772 2438 N1
792 2403 803 2447 Η
825 2404 869 2437 15
896 2413 947 2438 om
972 2404 1148 2449 apertos?
1174 2402 1414 2449 Luetjohann
1432 2404 1445 2449 ll
