1592 2612
614 101 822 145 CARMEN
845 108 892 146 v.
1357 108 1444 152 257

185 222 306 263 quam
337 209 463 252 lorica
496 212 646 265 operit,
678 212 793 251 cuius
825 210 1050 250 diademata
1082 209 1257 250 frontem

186 283 269 312 non
299 270 398 312 luxu
430 271 502 312 sed
534 270 623 324 lege
656 275 815 325 tegunt,
846 272 1084 323 meritisque
1117 269 1301 311 laborum

135 339 158 372 5
183 336 277 385 post
305 331 479 385 palmam
510 331 683 385 palmata
714 333 842 386 venit3
875 331 1021 372 decora
1053 332 1187 371 omnia
1219 333 1336 384 regni

186 392 440 433 accumulant
471 393 601 433 fasces
634 397 674 432 et
703 393 895 445 princeps
928 391 1093 432 consule
1128 394 1286 433 crescit.

184 457 376 506 personat
406 465 503 505 ergo
535 458 650 493 tuum
682 452 810 507 caelo,
842 465 956 507 rure,
988 451 1176 506 urbibus,
1209 453 1330 493 undis

186 512 371 554 exultans
401 512 563 567 Europa
596 513 762 568 sophos,
796 513 902 566 quod
934 517 1069 553 rector
1100 512 1282 568 haberis,

183 575 312 614 victor
343 575 414 627 qui
445 574 591 614 fueras.
654 574 803 628 fateor,
834 573 1106 627 trepidaverat
1138 573 1269 628 orbis,

113 642 158 675 10
185 634 282 675 dum
312 647 395 675 non
425 636 486 674 vis
518 636 665 675 vicisse
697 634 773 675 tibi
803 636 1010 687 nimioque
1042 633 1216 688 pudore,

183 694 291 748 quod
321 707 493 748 regnum
524 707 725 750 mereare,
758 695 870 735 doles
902 695 1090 747 tristique
1123 695 1285 748 repulsa

182 768 266 796 non
295 755 542 796 moderanda
574 755 706 810 subis,
739 768 841 809 quae
874 754 1125 795 defendenda
1157 757 1322 808 putasti.

245 815 414 856 Sederat
444 820 583 856 exerto
614 816 801 856 bellatrix
832 820 996 869 pectore
1029 815 1172 870 Roma,

185 877 395 917 cristatum
427 877 574 917 turrita
605 882 743 931 caput,
776 878 842 917 cui
873 889 978 930 pone
1011 877 1148 929 capaci

112 944 156 977 15
185 937 342 977 casside
373 936 586 990 prolapsus
618 937 826 990 perfundit
856 942 970 990 terga
1002 935 1181 989 capillus.

181 996 377 1038 laetitiam
408 1010 580 1038 censura
610 1002 747 1038 manet
778 1002 992 1051 terrorque
1024 996 1182 1050 pudore

183 1059 347 1112 crescit,
379 1062 420 1098 et
451 1059 575 1098 invita
608 1062 773 1111 superat
803 1059 952 1098 virtute
984 1062 1185 1098 venustas.

183 1117 397 1159 ostricolor
427 1117 538 1172 pepli
568 1123 723 1173 textus,
755 1131 876 1172 quem
908 1118 1031 1158 fibula
1062 1123 1169 1158 torto

182 1178 350 1219 mordax
382 1179 501 1219 dente
534 1179 655 1234 forat3
687 1184 774 1220 tum
807 1179 998 1232 quicquid
1031 1191 1203 1219 mamma
1235 1179 1414 1220 refundit

109 1247 157 1280 20
182 1240 392 1294 tegminis,
423 1239 499 1280 hoc
530 1239 667 1292 patulo
700 1239 907 1281 concludit
937 1252 1095 1292 gemma
1127 1251 1304 1280 recessu.

183 1299 276 1340 hinc
308 1299 424 1340 fulcit
454 1299 601 1341 rutilus
635 1302 812 1353 spatioso
845 1301 985 1341 circite
1017 1299 1174 1340 laevum

183 1359 307 1400 umbo
340 1360 463 1415 latus3
495 1360 631 1401 videas
663 1361 730 1401 hic
763 1373 900 1401 crasso
933 1361 1022 1401 fusa
1053 1359 1216 1400 metallo

183 1425 297 1460 antra
328 1419 462 1461 Rheae
495 1421 697 1474 fetamque
730 1421 888 1475 lupam,
921 1433 1041 1474 quam
1073 1421 1187 1461 fauce
1220 1426 1373 1461 retecta

183 1479 360 1521 blandiri
392 1493 551 1534 quoque
584 1486 718 1522 terror
750 1486 853 1535 erat3
886 1493 1128 1534 quamquam
1161 1480 1228 1521 illa
1259 1494 1402 1522 vorare

114 1549 160 1581 25
186 1540 429 1594 Martigenas
462 1546 502 1581 et
533 1542 639 1594 picta
670 1543 805 1596 timet3
837 1554 931 1595 pars
963 1543 1147 1594 proxima
1180 1541 1372 1595 Thybrim

183 1603 392 1656 exprimit3
424 1601 491 1642 hic
524 1601 657 1642 scabri
692 1602 805 1642 fusus
839 1601 914 1642 sub
946 1603 1106 1654 pumice
1139 1602 1209 1641 tofi

182 1661 381 1715 proflabat
411 1661 616 1702 madidum
649 1675 722 1715 per
754 1667 914 1715 guttura
948 1662 1087 1714 glauca
1120 1674 1329 1717 soporem;

182 1727 324 1775 pectus
357 1721 458 1776 palla
491 1724 610 1777 tegit,
643 1735 763 1776 quam
794 1727 960 1763 neverat
991 1722 1063 1763 llia
1095 1724 1293 1776 coniunx,

182 1782 355 1836 liquenti
388 1795 489 1836 quae
522 1784 659 1823 iuncta
690 1788 779 1824 toro
810 1783 894 1824 vult
926 1795 1134 1823 murmura
1166 1782 1340 1836 lymphis

110 1852 157 1884 30
183 1842 324 1883 tollere
358 1848 398 1883 et
430 1843 578 1883 undosi
611 1856 797 1884 somnum
831 1856 992 1884 servare
1025 1845 1171 1896 mariti.

183 1905 261 1944 ista
292 1906 444 1944 micant
475 1903 626 1958 clipe03
659 1906 795 1958 cuspis
829 1904 942 1945 trabe
976 1906 1106 1957 surgit
1138 1903 1311 1957 eburna,

185 1963 297 2004 ebria
329 1964 451 2005 caede
483 1965 626 2004 virum.
683 1970 851 2018 propter
882 1963 1045 2005 Bellona
1077 1964 1316 2017 trophaeum

186 2026 358 2065 exstruit
390 2030 429 2065 et
462 2037 657 2077 quercum
689 2027 844 2078 captivo
877 2025 1055 2078 pondere
1088 2030 1237 2065 curvat.

188 2086 398 2138 consurgit
434 2084 579 2125 solium
613 2087 738 2139 saxis,
771 2098 871 2139 quae
905 2098 1019 2126 caesa
1053 2085 1215 2126 rubenti

111 2153 158 2185 35
184 2145 422 2198 Aethiopum
458 2145 506 2185 de
540 2151 674 2186 monte
707 2146 871 2200 cadunt,
903 2146 973 2186 ubi
1006 2145 1089 2186 sole
1121 2147 1348 2199 propinquo

185 2207 315 2246 nativa
349 2211 510 2246 exustas
544 2206 692 2246 afflavit
723 2219 902 2260 purpura
934 2219 1068 2259 rupes.

188 2267 370 2318 iungitur
402 2266 466 2306 hic
500 2266 674 2321 Synnas,
706 2266 930 2307 Nomadum
955 2266 1057 2319 lapis
1090 2267 1251 2307 additur
1283 2268 1386 2321 istic,

162 2396 183 2428 6
211 2404 383 2430 crescens
411 2395 461 2430 M
475 2396 486 2439 ss
509 2397 552 2429 19
579 2395 681 2431 forat
713 2396 974 2441 Wv‘Imozcz‘tz,
1001 2396 1112 2432 vorat
1137 2396 1240 2433 codd.
1262 2396 1274 2441 ss

134 2459 364 2489 Aronnnums
385 2462 432 2490 ed.
452 2462 569 2490 Mohr.
1164 2492 1167 2494 ,
1185 2460 1227 2492 17
