1592 2612
101 118 334 161 sinemus
358 110 558 160 homno
572 121 746 159 'PAPAE
771 121 1037 159 PERPETUO
1064 121 1307 160 SALUTEM.
1362 122 1448 165 157

54 224 255 266 lationum
285 225 592 265 conservatione
625 223 792 265 stabiles
824 225 867 264 in
894 225 1189 265 sententiarum
1221 225 1449 265 assertione

56 290 261 339 nutantes,
276 286 480 326 'nituntur
503 297 647 338 regere
673 284 902 340 ecclesiam,
934 297 1036 338 quos
1061 285 1142 325 iam
1168 286 1256 338 regi
1280 297 1450 326 necesse

57 347 140 388 erit
180 357 256 403 per
297 350 514 387 senectam.
586 343 655 386 13.
694 345 764 386 sed
803 342 880 386 nec
919 345 1072 386 diutius
1112 345 1246 398 placet
1264 393 1266 395 ,
1282 351 1452 399 propter

56 418 281 461 paucorum
318 406 510 448 ambitus.
532 405 754 447 multorum
786 411 926 447 notare
958 418 1172 460 personas:
1210 406 1287 446 hoc
1320 405 1451 446 solum

0 516 3 522 Ι
55 472 210 522 astruo,
241 466 363 522 quod,
394 479 488 508 cum
519 466 677 508 nullum
707 460 912 521 proferam
944 468 1221 521 nuncupatim,
1252 466 1321 508 ille
1354 479 1450 508 con·
1489 481 1506 506 5

58 528 199 569 fitetur
228 527 448 583 repulsam,
481 529 552 581 qui
582 528 798 581 profitetur
830 528 1036 568 offensam.
1084 540 1180 568 sane
1213 527 1255 568 id
1281 527 1451 568 liberius

57 588 170 643 dico,
214 588 264 629 de
307 588 568 630 multitudine
613 590 966 629 circumstantium
1010 587 1160 629 multos
1199 588 1452 642 episcopales

58 661 165 704 esse,
196 649 268 690 sed
299 654 407 690 totos
439 651 653 703 episcopos
686 662 777 690 esse
809 662 892 690 non
922 662 1063 703 posse3
1096 654 1150 703 et,
1182 662 1275 690 cum
1302 649 1452 703 singuli

58 709 315 751 diversorum
357 710 646 751 charismatum
689 712 940 764 proprietate
984 711 1211 764 potiantur,
1262 710 1451 751 sufficere

59 783 203 811 omnes
241 770 338 825 sibi,
381 771 569 812 omnibus
607 773 825 812 neminem.
892 769 959 812 14.
994 772 1030 811 si
1060 770 1279 811 militarem
1311 771 1452 811 dixero
1475 784 1508 810 ιο

59 832 165 872 forte
190 844 421 885 personam,
451 834 638 885 protinus
664 833 708 872 in
733 832 833 872 haec
858 831 980 872 verba
1006 833 1286 884 consurgitur:
1320 829 1453 872 ‘Sido-

60 894 154 933 nius
186 891 236 932 ad
269 891 506 933 clericatum
532 894 627 946 quia
653 893 702 933 de
730 892 928 933 saeculari
952 893 1207 946 professione
1233 892 1453 933 translatus

60 958 143 1007 est,
181 952 273 993 ideo
312 953 392 994 sibi
423 966 632 994 assumere
664 953 1021 1006 metropolitanum
1053 953 1103 993 de
1135 952 1327 1006 religiosa
1359 966 1454 994 con-

60 1014 296 1067 gregatione
335 1013 583 1069 dissimulat3
627 1013 829 1055 natalibus
868 1019 1022 1068 turget,
1060 1014 1304 1067 dignitatum
1341 1014 1455 1055 fasti-

59 1079 180 1128 gatur
216 1074 464 1129 insignibus,
502 1077 727 1115 contemnit
763 1087 964 1128 pauperes
1006 1072 1186 1115 Christt’
1252 1073 1322 1116 15.
1356 1087 1453 1128 qua-
1475 1087 1510 1114 15

60 1139 230 1188 propter
261 1137 303 1175 in
335 1137 660 1188 praesentiarum
693 1135 845 1176 solvam
877 1148 998 1188 quam
1029 1148 1113 1176 non
1138 1141 1220 1176 tam
1251 1134 1454 1176 bonorum

61 1196 223 1236 caritati
260 1208 385 1249 quam
418 1195 708 1238 maledicorum
747 1197 973 1249 suspicioni
1010 1195 1138 1236 debeo
1178 1196 1301 1236 fidem
1338 1192 1456 1252 (vivit

62 1257 233 1309 spiritus
265 1262 449 1311 sanctus,
488 1258 744 1310 omnipotens
782 1257 882 1298 deus
915 1262 1073 1311 noster,
1113 1259 1183 1310 qui
1215 1257 1325 1297 Petri
1356 1269 1455 1298 voce

63 1315 267 1357 damnavit
304 1319 348 1358 in
380 1317 544 1358 Simone
577 1331 712 1373 mago,
750 1330 824 1358 cur
861 1319 1097 1371 opinaretur
1129 1319 1300 1370 gratiam
1332 1317 1455 1358 bene-

63 1376 256 1417 dictionis
281 1379 414 1430 pretio
441 1391 530 1419 sese
555 1391 678 1431 posse
703 1374 911 1435 mercari),
943 1391 1008 1418 me
1034 1380 1077 1418 in
1104 1391 1165 1433 eo,
1192 1391 1314 1431 quem
1340 1378 1455 1419 vobis
1475 1391 1512 1418 20

64 1442 311 1490 oportunum
349 1441 508 1493 censui,
547 1451 622 1479 nec
660 1441 856 1492 pecuniae
897 1439 1031 1479 favere
1062 1450 1139 1480 nec
1171 1441 1345 1493 gratiae,
1385 1439 1456 1479 sed

65 1503 174 1538 statu
199 1500 298 1538 satis
326 1511 528 1552 superque
548 1501 744 1540 trutinato
764 1512 962 1552 personae
988 1501 1199 1554 temporis,
1225 1501 1456 1552 provinciae

66 1560 241 1599 civitatis
273 1560 418 1613 virum,
451 1561 568 1600 cuius
599 1561 642 1599 in
676 1559 1021 1613 consequentibus
1054 1562 1202 1612 raptim
1228 1562 1309 1600 vita
1334 1560 1457 1613 repli-

65 1618 238 1674 cabitur,
264 1622 683 1673 competentissimum
710 1620 944 1661 credidisse.
993 1618 1059 1661 16.
1086 1620 1326 1660 benedictus
1354 1621 1456 1661 Sim-

66 1679 232 1734 plicius,
269 1680 464 1721 hactenus
502 1682 628 1721 vestri
665 1682 826 1734 iamque
865 1680 1012 1721 abhinc
1044 1682 1193 1734 nostri,
1230 1681 1350 1720 modo
1382 1694 1458 1734 per
1477 1690 1513 1718 25

66 1752 138 1780 vos
165 1740 266 1781 deus
293 1747 453 1795 annuat,
485 1741 695 1782 habendus
722 1741 878 1782 ordinis
905 1754 1053 1795 comes,
1080 1743 1134 1781 ita
1161 1743 1325 1794 utrique
1351 1743 1458 1794 parti

66 1801 131 1841 vel
163 1807 254 1842 actu
286 1802 349 1843 vel
381 1802 635 1855 professione
668 1798 900 1856 respondet,
932 1807 977 1842 ut
1009 1807 1049 1842 et
1080 1801 1307 1854 respublica
1340 1803 1384 1841 in
1410 1814 1458 1842 eo

68 1862 177 1915 quod
222 1862 446 1903 admiretur
484 1868 523 1903 et
562 1862 732 1903 ecclesia
770 1864 901 1916 possit
938 1864 1121 1903 invenire
1161 1862 1268 1915 quod
1307 1862 1458 1915 diligat.

71 1921 140 1964 17.
173 1924 209 1963 si
240 1923 441 1964 natalibus
475 1923 671 1963 servanda
703 1924 930 1963 reverentia
964 1929 1037 1977 est,
1071 1917 1166 1976 quia
1197 1928 1238 1962 et
1270 1922 1344 1962 hos
1376 1935 1458 1963 non

68 1984 314 2024 omittendos
346 1983 595 2037 euangelista
620 1985 860 2024 monstravit
886 1979 998 2039 (nam
1026 1983 1155 2024 Lucas
1182 1983 1455 2024 laudationem
1475 1992 1513 2019 30

69 2043 259 2085 Iohannis
293 2057 508 2098 aggressus
541 2046 937 2097 praestantissimum
970 2045 1234 2097 computavit,
1268 2044 1374 2096 quod
1409 2044 1458 2084 de

70 2101 311 2146 sacerdotali
350 2107 475 2158 stirpe
514 2105 717 2159 veniebat,
756 2110 796 2146 et
827 2105 1080 2145 nobilitatem
1114 2106 1218 2144 vitae
1251 2104 1459 2156 praedica-

71 2170 188 2206 turus
226 2168 340 2219 prius
380 2172 514 2206 tamen
553 2165 696 2206 extulit
734 2165 908 2206 familiae
951 2160 1227 2219 dignitatem):
1271 2170 1459 2226 parentes

171 2273 217 2306 18
243 2271 329 2308 Aet.
351 2274 385 2316 8,
409 2273 464 2307 18.
565 2273 612 2306 30
637 2269 760 2306 Lucas
789 2274 820 2315 1,
842 2274 874 2306 5.

171 2322 193 2354 3
219 2318 294 2355 erit
318 2319 452 2362 LNT,
480 2319 541 2354 est
565 2319 616 2355 M
621 2319 664 2365 O,
690 2319 753 2354 vel
779 2320 851 2354 erit
876 2330 903 2355 s.
926 2319 948 2354 l.
970 2318 1058 2354 add.
1081 2318 1130 2354 Μ
1137 2318 1146 2337 ¹
1166 2319 1179 2364 ΙΙ
1199 2321 1244 2353 14
1270 2317 1462 2364 fatigatur

72 2368 105 2410 (s
130 2378 159 2404 s.
186 2367 209 2403 l.
238 2368 326 2404 add.
349 2367 495 2413 T¹)TG¹
522 2369 533 2413 fl
568 2371 611 2403 17
637 2366 751 2415 vivit]
778 2366 885 2402 iuvet
918 2367 1184 2412 Wilamowitz,
1216 2367 1324 2403 novit
1348 2367 1424 2404 Leo
1449 2367 1467 2415 Η

73 2418 120 2451 29
147 2416 239 2461 quia
265 2416 335 2452 hos
362 2427 438 2452 non
464 2414 679 2452 omitendos
708 2418 746 2452 et
773 2414 1017 2461 euangelista
1044 2415 1103 2461 (ΙΙΙ
