1592 2612
357 122 589 167 SIDONIUS
614 122 745 160 LUPO
771 123 867 160 SUO
892 122 1138 161 SALUTEM.
1357 123 1446 168 189

52 222 293 268 contentio?
322 237 431 267 unus
462 230 503 266 te
527 226 774 279 patrimonio
799 224 1000 280 populus,
1028 225 1132 267 alter
1157 227 1280 267 etiam
1305 228 1445 267 matri-

53 288 191 328 monio
221 290 352 341 tenet3
393 298 567 339 cumque
609 286 677 326 hic
708 287 884 340 origine,
928 287 1006 327 iste
1047 288 1258 341 coniugio,
1298 287 1445 327 melius

53 347 174 402 illud,
206 346 315 400 quod
345 351 519 400 uterque
550 346 718 387 iudicio.
781 351 823 387 te
863 351 1002 387 tamen
1035 360 1207 388 munere
1239 347 1306 388 dei
1336 349 1447 388 inter

53 410 133 449 ista
175 407 356 461 felicem,
399 407 449 447 de
501 419 582 460 quo
627 407 780 448 diutius
832 408 1066 460 occupando
1115 408 1445 462 possidendoque

53 480 203 523 operae
243 469 422 521 pretium
466 473 529 508 est.
572 469 703 508 votiva
746 467 990 521 populorum
1028 468 1163 509 studia
1199 467 1443 522 confligere!
1483 480 1502 506 5

55 528 97 571 2.
128 534 175 570 tu
198 540 295 569 vero
320 530 507 581 utrisque
533 530 806 581 praesentiam
831 533 943 569 tuam
969 529 1165 582 disposite
1184 531 1447 583 vicissimque

0 617 3 624 ·
55 591 230 644 partitus
261 601 370 630 nunc
402 588 649 642 Drepanium
680 589 781 643 illis,
806 590 927 629 modo
959 591 1050 630 istis
1082 591 1266 631 restituis
1297 590 1447 631 Anthe-

57 651 189 705 dium;
221 654 263 691 et
287 651 324 690 si
349 662 371 690 a
396 655 436 690 te
463 651 679 690 instructio
705 650 908 690 rhetorica
933 655 1135 704 poscatur,
1154 651 1198 691 hi
1222 650 1449 705 Paulinum,

58 711 121 752 illi
150 710 352 752 Alcimum
382 723 465 750 non
497 711 724 763 requirunt.
780 710 888 751 unde
920 716 960 751 te
991 713 1120 764 magis
1152 713 1293 766 miror,
1325 723 1447 765 quem

55 771 206 813 cotidie
230 776 315 811 tam
340 770 578 824 multiplicis
602 770 881 824 bybliothecae
906 771 1096 812 ventilata
1122 771 1245 812 lassat
1276 773 1447 826 egeries,
1468 783 1503 809 10

56 831 211 885 aliquid
232 844 255 872 a
274 844 339 872 me
364 836 549 872 veterum
568 831 749 884 flagitare
770 831 1075 873 cantilenarum.
1120 845 1243 886 pareo
1270 833 1448 887 quidem,

57 892 155 934 licet
204 893 489 945 intempestiva
540 891 726 932 videatur
765 892 993 933 recordatio
1037 894 1220 933 iocorum
1264 899 1447 946 tempore

57 952 234 994 dolendi.
292 950 332 994 3.
364 951 622 1006 Lampridius
649 959 786 993 orator
810 953 930 993 modo
956 954 1134 1006 primum
1158 953 1262 994 mihi
1288 955 1448 994 occisus

57 1014 311 1068 agnoscitur,
352 1014 469 1054 cuius
507 1015 696 1054 interitus
735 1025 915 1054 amorem
952 1026 1089 1054 meum
1121 1016 1292 1055 summis
1324 1014 1448 1055 confi—

56 1078 171 1115 ceret
202 1072 433 1128 angoribus,
472 1075 633 1114 etiamsi
664 1086 747 1114 non
779 1087 874 1115 eum
904 1073 1028 1115 rebus
1059 1074 1247 1115 humanis
1279 1076 1341 1115 vis
1372 1076 1448 1115 im-
1469 1086 1505 1112 15

58 1139 176 1189 pacta
206 1135 420 1187 rapuisset.
486 1134 554 1175 hic
584 1147 649 1175 me
683 1135 904 1190 quondam,
947 1140 994 1176 ut
1024 1137 1133 1175 inter
1164 1137 1315 1176 amicos
1347 1137 1449 1188 ioca,

58 1194 265 1236 Phoebum
315 1194 483 1235 vocabat
531 1197 619 1248 ipse
670 1208 692 1235 a
743 1195 862 1236 nobis
911 1197 1014 1236 vatis
1064 1195 1228 1249 Odrysii
1282 1197 1447 1236 nomine

60 1260 237 1309 accepto.
302 1255 409 1308 quod
458 1268 506 1296 eo
554 1257 743 1309 congruit
792 1261 884 1296 ante
925 1258 1104 1311 narrari,
1154 1269 1205 1297 ne
1255 1256 1450 1297 vocabula

59 1317 230 1369 figurata
262 1315 470 1356 subditum
509 1329 674 1357 carmen
705 1316 936 1357 obscurent.
1001 1317 1096 1358 huic
1135 1317 1309 1370 quodam
1346 1323 1448 1358 tem-

60 1388 160 1430 pore
204 1375 461 1429 Burdigalam
492 1378 673 1417 inviseus
704 1379 957 1418 metatoriam
989 1379 1178 1431 paginam
1210 1379 1327 1431 quasi
1355 1391 1448 1419 cum
1468 1390 1504 1415 20

59 1436 174 1477 Musa
204 1438 366 1489 praevia
397 1438 503 1477 misi⁴
570 1443 668 1490 puto
699 1437 803 1478 hanc
842 1437 1012 1478 liberius
1056 1438 1213 1492 offerri,
1255 1451 1374 1491 quam
1414 1440 1449 1478 si

60 1496 213 1550 aliquid
251 1509 375 1550 super
413 1497 649 1538 decedentis
692 1510 839 1538 occasu
876 1497 1047 1551 lugubre
1080 1511 1346 1553 componens,
1379 1500 1450 1552 qui

61 1558 145 1598 non
174 1556 384 1611 placebam
414 1570 489 1611 per
520 1557 811 1612 eloquentiam,
842 1570 916 1611 per
941 1560 1152 1599 materiam
1178 1559 1449 1612 displicerem.

279 1652 458 1694 Dilectae
491 1655 614 1694 nimis
646 1659 688 1695 et
717 1654 914 1708 peculiari

279 1713 466 1755 Phoebus
499 1717 853 1755 commonitorium
886 1714 1060 1756 Thaliae.

280 1774 449 1816 Paulum
481 1775 694 1829 depositis,
726 1775 905 1830 alumna,
936 1775 1103 1829 plectris

282 1848 463 1889 sparsam
495 1837 648 1889 stringe
681 1848 837 1876 comam
868 1838 1023 1876 virente
1055 1838 1170 1890 vitta,

228 1905 250 1937 5
283 1901 324 1936 et
355 1909 475 1949 rugas
507 1896 583 1937 tibi
615 1898 803 1950 syrmatis
834 1897 1027 1950 profundi

285 1958 522 2010 succingant
553 1957 726 1998 hederae
759 1957 1043 2011 expeditiores.

286 2029 427 2058 soccos
460 2017 565 2058 ferre
599 2030 693 2058 cave
723 2030 818 2072 nec,
850 2023 895 2058 ut
927 2017 1098 2072 solebat,

282 2077 371 2118 laxo
404 2090 479 2130 pes
511 2083 621 2118 natet
654 2077 757 2119 altus
790 2079 833 2118 in
859 2084 1048 2132 coturn03

282 2138 353 2178 sed
384 2137 486 2178 tales
519 2138 703 2191 crepidas
735 2138 861 2192 ligare
894 2151 1011 2192 cura,

206 2207 250 2239 10
282 2198 420 2251 quales
453 2198 674 2251 Harpalyce
706 2199 769 2240 vel
801 2198 867 2239 illa
900 2201 1046 2252 vinxit,

283 2271 384 2312 quae
417 2260 544 2299 victos
576 2258 705 2312 gladio
738 2273 883 2313 procos
916 2259 1075 2300 cecidit.

165 2366 185 2399 7
212 2362 440 2410 drypanium
467 2363 654 2409 LMTF,
680 2363 897 2411 dripanium
926 2364 1025 2410 OPu
1048 2367 1090 2399 18
1117 2365 1300 2410 acceptus
1327 2363 1451 2401 Wila-

67 2412 213 2448 mowitz
231 2413 244 2458 Ε
263 2424 297 2448 v.
320 2416 363 2448 11
392 2411 517 2449 stadio
545 2412 621 2449 Leo
639 2414 652 2458 fl
