1592 2612
138 110 227 153 330

187 342 232 374 40

187 643 232 675 45

186 944 232 977 50

185 1246 229 1278 55

186 1549 231 1580 60

187 1849 231 1880 65

187 2150 231 2182 70

650 107 857 146 CARMEN
882 107 997 144 XXII.

259 212 398 252 ludere
431 211 590 251 Silenus
623 212 701 251 iam
734 211 899 250 numine
931 209 1074 265 plenus
1107 208 1286 264 alumno,

261 272 330 313 sed
364 277 546 324 comptus
578 276 713 311 tamen
744 270 811 310 ille
845 275 980 324 caput3
1013 282 1106 310 nam
1137 271 1289 311 vertice
1322 270 1430 311 nudo

261 335 429 373 amissos
462 333 580 372 sertis
614 332 748 372 studet
780 343 972 371 excusare
1007 329 1184 383 capillos.

260 394 444 445 corniger
474 392 567 432 inde
600 394 692 432 novi
725 393 769 432 fit
801 391 957 444 Ganges
989 403 1135 445 pompa
1166 391 1380 446 triumphi3

260 466 432 494 cernuus
464 455 651 505 inpexam
683 453 826 492 faciem
859 453 972 492 stetit
1003 464 1072 492 ore
1106 451 1284 492 madenti
1316 456 1357 492 et

259 519 416 554 arentes
448 515 586 553 vitreis
622 513 773 553 adiuvit
803 511 966 552 fletibus
998 512 1145 566 undas3

260 575 462 614 coniectas
495 575 537 613 in
569 574 698 614 vincla
730 586 873 614 manus
906 577 998 626 post
1029 577 1142 625 terga
1174 574 1349 613 revinxit

258 636 487 687 pampinus,
519 634 585 674 hic
617 635 768 674 sensim
795 635 951 687 captivo
985 646 1125 674 umore
1157 633 1318 674 refusus

259 699 399 747 sponte
432 695 698 735 refrondescit
729 707 802 747 per
834 694 997 734 brachia
1030 693 1188 734 roscida
1220 693 1386 747 palmes.

258 768 332 795 nec
363 768 443 795 non
476 759 515 794 et
547 757 653 808 rapti
685 757 860 795 coniunx
893 755 951 795 ibi
981 756 1113 795 vincta
1146 756 1281 795 mariti

257 817 289 855 it
321 828 482 855 croceas
516 815 688 856 demissa
721 828 843 868 genas
875 817 1077 868 vetitaque
1108 815 1276 856 recondi

256 875 436 928 lampade
471 889 561 916 cum
595 876 698 916 Solis
732 877 856 916 radiis
888 876 1043 917 Aurora
1075 875 1255 916 rubebat.

258 936 384 976 adfuit
414 936 480 977 hic
513 938 632 977 etiam
664 941 756 990 post
787 937 945 990 perdita
976 938 1160 977 cinnama
1191 936 1388 990 Phoenix,

258 997 477 1037 formidans
509 1002 681 1037 mortem
714 998 793 1038 sibi
824 1010 905 1038 non
939 1009 1152 1050 superesse
1188 996 1418 1037 secundam.

259 1057 439 1097 succedit
471 1060 625 1111 captiva
658 1058 821 1112 cohors,
854 1071 956 1111 quae
989 1057 1140 1098 fercula
1173 1059 1280 1110 gazis

258 1118 335 1157 fert
368 1124 529 1158 onerata
564 1120 666 1172 suis,
699 1118 800 1159 ebur
832 1119 898 1159 hic
929 1118 1192 1172 hebenusque
1224 1117 1287 1157 vel
1319 1129 1463 1158 aurum

259 1183 298 1218 et
328 1179 467 1218 niveae
500 1181 615 1231 piceo
648 1184 784 1232 raptae
818 1179 867 1219 de
900 1183 1063 1232 pectore
1096 1178 1218 1218 bacae

257 1243 481 1293 gestantur3
515 1241 758 1293 quicumque
791 1239 892 1279 nihil
925 1243 1140 1292 sustentat,
1172 1238 1309 1279 odoris

258 1300 433 1339 mittitur
464 1301 504 1339 in
538 1313 683 1354 nexus3
716 1300 852 1340 videas
884 1300 950 1340 hic
982 1302 1069 1353 ipsa
1101 1298 1259 1352 placere

259 1359 454 1412 supplicia
486 1365 526 1400 et
557 1361 706 1400 virides
738 1360 854 1401 violis
886 1359 1022 1401 halare
1055 1364 1228 1400 catenas.

258 1419 396 1460 ultima
429 1421 634 1473 nigrantes
667 1421 860 1462 incedunt
891 1420 1040 1474 praeda
1072 1420 1255 1474 elefanti3

258 1481 441 1520 informis
475 1482 539 1521 cui
572 1482 699 1521 forma
731 1484 862 1535 gregi:
894 1483 999 1534 riget
1029 1481 1188 1534 hispida
1221 1480 1341 1521 dorso

257 1542 322 1580 vix
354 1541 507 1581 ferrum
538 1554 707 1594 passura
740 1544 861 1597 cutis3
895 1544 1043 1595 quippe
1076 1541 1261 1594 improba
1293 1545 1445 1581 cratem

257 1603 429 1640 nativam
460 1614 536 1641 nec
568 1602 646 1642 tela
680 1602 828 1658 forant,
862 1607 1064 1643 contracta
1097 1603 1276 1642 vicissim

256 1666 450 1714 tensaque
482 1667 595 1714 terga
627 1663 724 1702 feris
753 1664 952 1716 crepitant
983 1675 1140 1716 usuque
1173 1662 1340 1702 cavendi

256 1721 410 1774 pellunt
442 1724 624 1762 excussis
658 1725 876 1776 impactum
908 1723 1062 1764 missile
1095 1724 1218 1775 rugis.

316 1782 477 1834 Iamque
510 1785 587 1823 iter
619 1783 667 1823 ad
701 1784 858 1824 Thebas
890 1797 964 1837 per
995 1796 1185 1836 magnum
1217 1784 1345 1823 victor
1376 1781 1520 1835 agebat

259 1854 349 1881 aera
383 1848 423 1881 et
454 1843 502 1882 ad
536 1856 712 1883 summas
746 1850 929 1884 erexerat
955 1846 1067 1897 orgia
1097 1843 1244 1898 nubes,

258 1915 349 1941 cum
381 1902 489 1942 videt
521 1904 646 1944 Aonia
678 1906 907 1944 venientem
939 1905 1081 1945 Delion
1114 1917 1218 1944 arce.

259 1974 402 2015 grypas
436 1968 475 2002 et
507 1965 593 2016 ipse
626 1969 758 2004 tenet:
791 1964 923 2005 vultus
955 1965 1019 2005 his
1046 1964 1183 2005 laurea
1215 1976 1359 2004 curvos

258 2022 397 2062 fronde
431 2022 563 2075 lupata
596 2024 736 2079 ligant3
769 2025 931 2065 hederis
964 2038 1124 2078 quoque
1158 2022 1443 2077 circumplexis

257 2082 430 2134 pendula
462 2083 545 2123 lora
578 2086 728 2139 virent3
762 2087 911 2125 sensim
946 2086 1030 2126 fera
1062 2085 1245 2126 subvolat
1276 2084 1359 2124 ales

258 2144 387 2182 aerias
419 2148 631 2197 terraeque
664 2147 767 2198 vias,
800 2158 850 2185 ne
884 2147 986 2186 forte
1020 2148 1140 2187 citato

257 2202 408 2242 alarum
442 2206 614 2256 strepitu
641 2205 817 2257 lignosas
850 2206 1006 2258 frangat
1036 2206 1225 2246 habenas.

232 2346 276 2378 41
305 2353 450 2388 ganges
484 2343 527 2378 fit
557 2355 685 2391 ponpa
717 2345 755 2380 P
788 2346 801 2390 ΙΙ
838 2349 883 2380 42
918 2346 957 2380 eb
988 2357 1057 2384 om.
1086 2347 1120 2382 T
1154 2348 1166 2393 [Ι
1203 2350 1250 2382 47
1275 2344 1408 2381 iuncta
1441 2343 1474 2381 0
1505 2344 1519 2392 Η

140 2394 185 2427 55
213 2390 350 2427 odoros
375 2392 429 2427 ed.
458 2392 586 2428 Baret.
607 2394 619 2439 ΙΙ
