1592 2612
314 142 547 192 SIDONIUS
571 141 773 179 RURIOIO
802 141 896 179 SUO
924 141 1169 179 SALUTEM.
1349 141 1437 184 187

185 253 234 287 45
266 247 354 300 ipse
384 244 452 286 hic
482 244 696 286 Parthicus
728 244 899 285 Arsaces
931 248 1140 298 precatur,

263 305 379 349 aulae
412 305 572 346 Susidis
603 310 650 346 ut
681 310 822 345 tenere
855 304 1018 345 culmen

266 368 398 422 possit
429 366 593 407 foedere
627 365 702 407 sub
736 365 979 419 stipendiali.

264 440 359 469 nam
389 427 498 481 quod
526 426 712 480 partibus
744 439 856 467 arma
886 425 1162 479 Bosphoranis

265 488 409 542 grandi
436 487 534 528 hinc
567 499 736 541 surgere
770 489 895 528 sentit
927 492 1138 542 apparatu,

186 557 233 591 50
263 554 460 591 maestam
491 548 657 589 Persida
689 549 770 588 iam
803 560 948 588 sonum
980 548 1029 588 ad
1062 547 1188 589 duelli

263 611 354 664 ripa
383 609 633 663 Euphratide
666 610 732 649 vix
764 614 879 662 putat
911 609 1124 664 tuendam3

266 672 337 724 qui
368 674 536 723 cognata
569 669 664 710 licet
698 669 777 709 sibi
809 674 917 709 astra
949 670 1107 722 fingens

262 730 448 772 Phoebea
479 735 634 771 tumeat
665 731 991 784 propinquitate,

265 791 478 832 mortalem
509 791 576 831 hic
607 796 743 831 tamen
775 790 917 844 implet
948 790 1213 831 obsecrando.

184 860 230 894 55
262 852 362 893 haec
393 853 502 892 inter
532 853 703 892 terimus
736 863 870 891 moras
903 852 1057 892 inanes.

264 913 336 954 sed
368 918 431 967 tu,
463 912 620 966 Tityre,
651 924 772 965 parce
805 924 1046 966 provocare3

263 985 357 1014 nam
389 985 471 1014 non
504 972 665 1013 invideo
697 974 907 1026 magisque
940 974 1087 1027 miror,

262 1035 350 1088 qui,
383 1033 479 1074 dum
510 1033 568 1074 nil
600 1045 761 1073 mereor
792 1045 1017 1086 precesque
1051 1033 1203 1074 frustra

262 1095 471 1149 impendo,
502 1093 725 1134 Meliboeus
759 1106 848 1134 esse
882 1095 1009 1147 coepi.

134 1178 174 1221 6.
205 1178 269 1220 En
301 1192 477 1233 carmen,
510 1179 618 1232 quod
644 1191 859 1219 recenseas
886 1178 1131 1219 otiabundus
1163 1183 1431 1231 nostrumque

43 1240 238 1281 sudorem
263 1253 310 1281 ac
335 1239 544 1294 pulverem
571 1245 758 1293 spectans
784 1239 909 1280 veluti
935 1241 1015 1279 iam
1048 1244 1270 1280 coronatus
1294 1241 1434 1292 auriga

40 1301 93 1342 de
132 1300 265 1354 podio.
329 1300 379 1341 de
417 1300 575 1353 reliquo
614 1312 696 1340 non
735 1305 798 1340 est
836 1299 943 1353 quod
984 1301 1205 1353 suspiceris
1250 1313 1324 1353 par
1368 1312 1433 1340 me

41 1361 168 1402 officii
199 1374 327 1414 genus
360 1363 648 1414 repetiturum,
681 1362 841 1401 etiamsi
873 1360 1075 1401 delectere
1108 1362 1327 1415 praesenti,
1352 1362 1435 1401 nisi

40 1422 156 1475 prius
194 1423 283 1475 ipse
321 1421 547 1462 destiterim
586 1422 796 1461 vaticinari
834 1422 961 1473 magis
1000 1420 1146 1461 damna
1185 1434 1305 1474 quam
1345 1434 1431 1462 car-
1472 1433 1488 1460 5

40 1483 162 1522 mina.
218 1481 316 1522 vale.

708 1587 760 1630 X.

312 1669 541 1707 SIDONIUS
567 1669 768 1706 RURICIO
797 1668 890 1706 SUO
919 1668 1163 1706 SALUTEM.

137 1746 174 1789 1.
220 1747 320 1788 Esse
353 1746 428 1788 tibi
467 1748 560 1787 usui
601 1748 754 1800 pariter
792 1752 832 1786 et
872 1746 985 1786 cordi
1024 1745 1185 1786 litteras
1226 1746 1435 1799 granditer

43 1808 210 1861 gaudeo.
268 1821 362 1849 nam
389 1807 526 1848 stilum
551 1812 731 1847 vestrum
759 1812 907 1860 quanta
939 1808 1154 1847 comitetur
1185 1806 1248 1846 vel
1274 1806 1434 1847 flamma

43 1881 241 1910 sensuum
285 1868 348 1908 vel
389 1868 496 1909 unda
542 1880 792 1922 sermonum,
838 1867 1006 1908 liberius
1050 1879 1294 1921 assererem,
1339 1869 1433 1922 nisi,
1454 1881 1489 1906 10

45 1929 143 1969 dum
174 1942 239 1970 me
272 1928 435 1970 laudare
469 1941 550 1968 non
588 1941 730 1981 parum
764 1928 921 1982 studes,
953 1928 1109 1968 laudari
1140 1927 1361 1981 plurimum
1393 1934 1432 1968 te

44 1994 214 2030 vetares.
272 1995 313 2030 et
345 2001 587 2042 quamquam
620 1990 662 2029 in
695 1988 866 2042 epistula
898 1994 967 2029 tua
1000 1993 1134 2028 servet
1166 1990 1312 2028 caritas
1345 1984 1435 2029 dul-⁶

45 2050 250 2104 cedinem,
294 2055 437 2090 natura
476 2049 722 2104 facundiam,
766 2050 913 2103 peritia
951 2048 1224 2102 disciplinam,
1269 2050 1311 2088 in
1350 2049 1434 2090 sola

44 2112 238 2150 materiae
270 2116 406 2151 tamen
439 2109 635 2150 electione
668 2111 863 2163 peccasti,
902 2109 997 2149 licet
1034 2109 1075 2149 id
1108 2110 1242 2162 ipsum
1275 2110 1433 2162 praedi-

45 2172 131 2210 cari
167 2172 297 2224 possit
335 2172 378 2211 in
416 2175 525 2224 voto,
571 2170 678 2223 quod
722 2170 873 2210 videris
918 2182 1077 2210 errasse
1122 2166 1225 2222 <in>
1270 2169 1431 2211 iudicio.
1454 2181 1487 2209 15

45 2232 231 2283 ingentes
264 2232 573 2285 praeconiorum
605 2230 745 2271 titulos
784 2230 965 2271 moribus
998 2232 1100 2270 meis
1132 2229 1327 2284 applicas3
1361 2231 1432 2271 sed

47 2335 182 2378 LNT,
216 2335 389 2371 defenset
415 2335 465 2370 M
469 2334 501 2371 Ο
514 2336 528 2379 ss
545 2346 581 2371 v.
600 2338 648 2370 49
676 2334 798 2371 sensit
826 2334 858 2372 Ο
878 2337 890 2381 ss
915 2338 936 2370 2
965 2335 1171 2379 expectans
1199 2334 1235 2369 L
1259 2336 1271 2380 ΙΙ
1298 2338 1318 2370 6
1345 2334 1431 2371 vale

47 2394 117 2420 om.
137 2383 232 2419 LM
254 2385 267 2430 ΙΙ
298 2387 342 2419 10
367 2383 525 2419 liberius
551 2382 678 2420 MGT
701 2387 746 2428 et,
766 2385 911 2430 partim
936 2384 979 2419 in
1003 2394 1092 2427 ras„
1118 2382 1188 2426 N1,
1216 2382 1369 2419 brevius
1397 2384 1433 2420 L

46 2431 60 2480 Η
89 2434 134 2467 14
158 2433 292 2468 tamen
315 2431 529 2468 matheriae
557 2431 589 2468 Ο
603 2433 616 2477 ΙΙ
638 2434 682 2467 15
707 2431 748 2467 in
774 2432 921 2476 addidi,
947 2442 1015 2467 om.
1041 2430 1145 2468 codd.
1167 2433 1178 2477 ΙΙ
