1592 2612
115 121 201 164 178
598 116 746 152 LIBER
773 113 1010 152 OCTAVUS.

115 223 206 263 fieri
237 226 398 274 praeter
430 220 658 260 iactantiam
696 221 848 271 potest,
886 215 1039 270 gaudeo
1073 214 1123 255 de
1161 216 1504 269 praestantissimi

114 284 191 322 viri
224 282 473 334 auctoritate,
506 281 541 319 si
573 283 708 319 certus
736 282 810 332 est,
842 289 991 331 amore,
1024 277 1059 316 si
1085 274 1254 316 fallitur:
1285 274 1382 316 licet
1407 276 1505 329 quis

114 346 354 396 provocatus
386 353 492 380 nunc
525 340 574 380 ad
606 339 709 379 facta
741 339 940 378 maiorum
970 349 1053 377 non
1084 337 1373 391 inertissimus,
1405 338 1503 389 quis

116 414 275 456 quoque
309 401 357 441 ad
388 400 509 440 verba
540 412 622 440 non
654 399 949 439 infantissimus
982 394 1090 437 erit‘?
1127 409 1301 450 namque
1325 398 1503 438 virtutes

77 477 95 503 5
116 464 262 503 artium
294 463 463 502 istarum
496 459 668 501 saeculis
706 461 841 512 potius
882 458 1031 511 priscis
1071 457 1326 499 saeculorum
1362 458 1521 498 rector'

116 524 311 576 ingenuit,
344 534 446 574 quae
477 533 551 574 per
583 525 754 561 aetatem
786 519 927 559 mundi
953 519 1034 558 iam
1061 519 1312 558 senescentis
1338 517 1504 558 lassatis

115 583 238 624 veluti
270 581 492 623 seminibus
532 580 794 621 emedullatae
832 591 977 632 parum
1015 578 1168 632 aliquid
1205 578 1284 619 hoc
1314 583 1503 631 tempore

115 645 158 683 in
185 642 518 696 quibuscumque,
550 646 670 694 atque
696 641 737 680 id
764 642 806 680 in
831 641 985 694 paucis,
1016 639 1248 680 mirandum
1273 651 1319 680 ac
1345 650 1498 680 memo-

115 703 239 743 rabile
273 707 485 743 ostentant.
537 700 577 742 4.
609 701 730 741 huius
762 706 898 741 tamen
930 712 1017 754 ego,
1050 701 1128 740 etsi
1154 699 1382 741 studiorum
1414 711 1504 740 om·

60 778 95 804 ιο
114 765 226 804 nium
259 768 378 816 eaput
409 768 471 803 est
502 762 829 816 litterarumque,
862 762 956 814 quia
987 772 1204 814 personam
1237 772 1398 813 semper
1429 772 1503 800 ex·-

114 824 230 878 colui,
261 836 404 863 vereor
436 823 677 863 sententiam
710 834 832 875 supra
865 833 985 874 quam
1016 822 1166 862 veritas
1198 820 1320 861 habet
1352 820 1501 861 affectu

112 884 394 937 ponderatiore
435 883 642 936 prolatam.
705 895 838 935 neque
881 881 931 922 ob
969 881 1047 922 hoc
1084 882 1235 922 infitias
1274 882 1394 921 ierim
1431 893 1502 921 me

115 957 232 997 saepe
278 943 491 984 luculentis
536 945 623 984 eius
669 942 895 984 actionibus
935 942 1160 996 adstitisse,
1205 954 1376 995 quarum
1416 953 1501 995 me,

115 1006 191 1044 etsi
223 1004 391 1044 reddere
425 1009 609 1044 mutuum
640 1003 792 1058 videor,
824 1003 887 1043 vel
920 1016 969 1043 ex
1000 1007 1114 1056 parte
1149 1003 1383 1055 cursimque
1408 1002 1505 1042 fieri

61 1079 94 1105 15
114 1077 334 1105 memorem
367 1065 425 1104 sas
459 1069 532 1114 est.
582 1062 621 1105 5.
655 1064 791 1104 audivi
823 1076 917 1104 eum
949 1063 1187 1104 adulescens
1220 1067 1340 1116 atque
1368 1061 1500 1103 adhuc

115 1137 243 1178 nuper
282 1137 330 1164 ex
370 1137 516 1178 puero,
561 1137 653 1165 cum
697 1130 812 1178 pater
855 1136 972 1165 meus
1015 1123 1246 1177 praefectus
1291 1124 1502 1176 praetorio

115 1185 328 1225 Gallicanis
361 1184 628 1225 tribunalibus
654 1185 919 1239 praesideret,
952 1184 1027 1225 sub
1055 1185 1172 1225 cuius
1197 1183 1389 1224 videlicet
1412 1195 1495 1223 ma-

115 1247 285 1298 gistratu
316 1245 456 1286 consul
486 1246 670 1298 Astyr-ius
702 1247 798 1286 anni
835 1247 900 1286 sui
938 1245 1046 1285 fores
1077 1246 1258 1285 votivum
1287 1243 1502 1284 trabeatus

115 1310 337 1358 aperuerat.
401 1305 665 1346 adhaerebam
698 1306 819 1346 sellae
853 1305 1002 1359 curuli,
1035 1306 1113 1345 etsi
1144 1317 1227 1345 non
1258 1303 1389 1345 latens
1421 1316 1502 1357 per

61 1380 96 1406 20
116 1366 312 1419 ordinem,
344 1370 452 1406 certe
484 1379 565 1406 non
592 1366 738 1407 sedens
764 1379 838 1422 per
864 1370 1047 1420 aetatem,
1079 1367 1312 1418 mixtusque
1337 1369 1501 1405 turmae—

116 1425 364 1466 censualium
388 1426 693 1479 paenulatorum
723 1426 880 1467 consuli
904 1428 1111 1480 proximae
1137 1427 1348 1479 proximus
1374 1437 1503 1466 eram.

115 1488 262 1540 itaque,
293 1491 339 1526 ut
363 1488 539 1539 primum
563 1487 677 1527 brevi
702 1492 877 1541 peracta,
909 1500 986 1528 nec
1010 1486 1158 1540 brevis,
1185 1485 1366 1539 sportula
1392 1485 1494 1526 dati-

116 1559 193 1599 que
226 1547 330 1601 fasti,
362 1546 621 1589 acclamatum
655 1553 717 1588 est
748 1548 797 1588 ab
831 1549 941 1588 omni
973 1546 1121 1588 Galliae
1155 1551 1273 1588 coetu
1303 1547 1493 1600 primori-

116 1606 191 1646 bus
229 1607 527 1661 advocatorum,
568 1613 613 1648 ut
654 1609 870 1649 festivitate
908 1612 1146 1661 praeventas
1183 1607 1304 1647 horas
1343 1605 1504 1647 antelu-

61 1679 98 1706 25
119 1679 254 1721 canas,
306 1680 405 1720 quae
456 1668 563 1708 diem
614 1681 750 1709 serum
795 1681 887 1709 cum
932 1668 1093 1709 silentio
1138 1666 1517 1721 praestolarentur,·

117 1739 292 1779 congrua
325 1729 586 1768 emeritorum
618 1729 787 1769 fascium
819 1729 938 1769 laude
970 1729 1244 1769 honestarent.
1308 1726 1347 1770 6.
1380 1726 1504 1768 Nice-

215 1870 234 1902 7
260 1866 302 1902 in
326 1872 412 1903 ante
442 1867 515 1904 hoc
546 1870 618 1906 ins.
645 1869 691 1905 Ν
696 1869 766 1906 OT
788 1874 823 1906 et
847 1881 875 1906 s.
903 1870 926 1906 l.
953 1869 1041 1906 add.
1062 1868 1111 1905 M
1117 1868 1141 1914 ¹,
1173 1879 1242 1905 om.
1269 1868 1350 1904 LV
1378 1868 1504 1904 Vatia,

118 1916 210 1951 3421
233 1917 245 1961 ΙΙ
266 1919 310 1950 10
337 1916 427 1961 quia
453 1917 588 1963 LMG,
616 1917 682 1962 qui
710 1919 751 1963 T,
779 1918 882 1963 qui*
907 1922 942 1954 et
966 1929 994 1954 s.
1022 1918 1046 1954 Ζ.
1073 1918 1160 1954 add.
1187 1916 1250 1952 vel
1275 1915 1367 1962 quia,
1392 1915 1458 1952 M²
1485 1916 1494 1962 ῑΙ

118 1967 161 1998 11
189 1974 303 2009 supra
328 1975 444 2009 quam
462 1966 605 2001 veritas
625 1966 760 2020 habet]
782 1967 828 2011 ef.
850 1965 988 2002 Faust.
1009 1978 1050 2012 p.
1072 1967 1159 2011 105,
1176 1968 1224 2002 21
1237 1965 1286 2002 E.
1313 1965 1358 2000 ut
1375 1963 1505 2000 habet:-

119 2010 257 2064 veritas
277 2013 288 2058 ΙΙ
311 2016 352 2047 12
379 2012 421 2047 in
447 2012 498 2059 (in
527 2015 614 2050 add.
634 2014 685 2050 M
690 2014 718 2059 2)
744 2013 892 2050 mficias
920 2014 972 2050 Μ
979 2013 1010 2051 Ο
1024 2017 1036 2061 fl
1057 2016 1102 2049 18
1128 2012 1296 2059 astyrius
1322 2012 1369 2059 L,
1402 2011 1504 2048 asti-

116 2070 194 2093 nus
220 2061 327 2102 (corr.
355 2061 398 2096 in
425 2060 586 2096 asterius
606 2062 657 2097 Μ
663 2062 691 2107 ²)
702 2062 799 2108 ΜΤ,
827 2062 991 2098 asterius
1022 2062 1054 2099 G
1066 2064 1079 2109 ΙΙ
1099 2065 1144 2097 19
1165 2066 1254 2108 post
1276 2061 1403 2098 latens
1427 2061 1494 2108 leq.

118 2107 387 2162 generositatis
414 2110 457 2145 in
478 2109 509 2145 G
530 2114 565 2146 et
589 2121 615 2146 s.
638 2111 661 2147 l.
681 2111 724 2146 in
743 2111 805 2146 Μ1
824 2111 837 2157 ΙΙ
857 2114 901 2146 21
930 2111 1078 2146 consuli
1101 2109 1275 2156 proxime
1299 2108 1501 2156 proximus-

120 2157 228 2208 (corr,
254 2167 296 2191 m
319 2156 502 2202 proximis
521 2158 574 2193 M
576 2159 665 2204 ιΝΗ,
693 2158 842 2194 consuli
865 2159 1035 2204 proxime
1057 2157 1240 2205 proximis
1262 2158 1302 2205 0,
1329 2156 1504 2194 consulis

117 2213 314 2248 proxlmae
339 2204 532 2250 proximus
547 2206 593 2252 L,
621 2206 799 2243 consuli*
823 2209 861 2250 (1
883 2207 954 2243 litt.
974 2210 1085 2252 eras.)
1111 2205 1282 2253 proxime
1301 2205 1503 2253 proximus

126 2250 169 2295 V,
195 2250 364 2305 proxime
391 2254 425 2298 (e
450 2254 493 2289 in
517 2265 591 2290 raS.
612 2254 658 2290 Ν
659 2255 684 2299 ¹)
712 2254 858 2290 consuli
882 2255 1066 2300 proximis
1092 2255 1120 2301 (i
1139 2266 1232 2292 corr.
1253 2266 1299 2291 ex
1316 2265 1342 2289 u
1361 2253 1408 2290 N
1410 2253 1499 2300 ¹)N,

117 2309 312 2344 proximae
338 2300 520 2354 proximis
540 2301 688 2337 consuli
709 2303 743 2338 T
759 2305 771 2349 ΙΙ
791 2307 836 2339 25
863 2314 961 2348 quae
982 2304 1018 2338 L
1043 2308 1077 2340 et
1103 2306 1166 2348 (ae
1191 2304 1234 2339 in
1252 2313 1327 2339 raS.
1348 2301 1401 2338 M
1404 2303 1429 2347 ¹)
1439 2300 1506 2346 M,

119 2357 192 2392 que
217 2346 308 2391 PF,
334 2359 399 2392 qm
429 2348 498 2384 GT
525 2351 537 2394 [1
569 2354 615 2387 26
642 2361 810 2396 congrua,
836 2352 1080 2387 emeritorum
1106 2351 1153 2394 L,
1186 2361 1355 2396 congrua,
1380 2349 1497 2385 meri-

116 2397 244 2431 torum
271 2397 378 2441 (corr.
405 2408 451 2432 eae
476 2398 888 2444 congruaemeritorum
914 2404 957 2436 ut
980 2412 1013 2436 v.
1034 2400 1080 2435 N
1081 2400 1165 2447 ²DN
1187 2401 1227 2445 (a
1252 2401 1295 2436 in
1313 2409 1387 2436 ras.
1408 2397 1460 2434 M
1464 2397 1502 2443 ²)
