1592 2612
159 113 260 149 xm
442 93 444 96 ’
700 107 990 145 PRAEFATIO.

162 215 452 255 choriambicis
490 224 550 264 ep.
592 211 663 265 IX,
711 209 784 265 13,
823 208 849 250 2
896 223 929 250 v,
964 208 1002 251 3.
1044 231 1100 236 —
1146 207 1200 248 Ib.
1240 220 1274 248 v,
1311 206 1372 249 44
1412 209 1542 260 possit

162 275 323 314 retinui.

253 333 380 374 Carm.
407 332 453 387 II,
480 330 537 373 64
575 344 647 385 pro
689 334 791 372 satis
830 332 975 384 scripsi
1012 316 1078 371 sat
1114 343 1174 380 es,
1214 342 1292 383 qua
1329 328 1539 369 lenissima

162 396 381 434 mutatione
429 395 651 432 orationem
695 393 821 445 magis
860 392 1115 445 perspicuam
1159 390 1248 430 fieri
1292 402 1412 430 nemo
1456 402 1539 430 non

163 454 364 495 concedet.
393 477 448 481 ——
480 453 535 493 Ib.
569 451 658 494 205
689 456 856 503 utrique
887 455 1084 502 maqister
1115 453 1286 492 militiae
1318 463 1398 491 non
1430 451 1540 490 inso-

164 515 311 555 lentius
350 514 499 554 dictum
539 518 601 554 est
638 525 758 566 quam
797 526 828 553 c.
855 512 899 567 V,
927 510 1014 554 110
1047 525 1128 564 per
1158 517 1379 563 utramque
1410 514 1538 562 maqi-

161 582 291 616 strum
322 577 517 614 militiam.
548 598 598 603 —-
627 573 682 613 lb.
711 572 797 614 2Ο7
831 586 904 626 pro
931 575 1102 625 privata
1134 575 1330 614 cucurrit
1359 574 1541 613 culmina

163 635 249 676 coll.
271 634 404 675 Claud.
433 647 464 674 c.
491 634 629 689 XXXI,
656 633 712 676 66
739 648 819 686 per
852 638 1021 675 cunctos
1055 636 1103 674 iit
1127 636 1195 674 ille
1222 635 1386 685 oratius
1413 645 1541 686 quon-

162 696 252 735 dam
290 696 540 735 conieceram
581 694 841 735 scribendum
886 706 995 734 esse:
1034 707 1113 745 per
1151 698 1304 735 cuncta
1343 696 1538 735 cucurrit

162 758 351 797 culmina.
392 755 470 795 Sed
502 757 582 795 iam
614 757 734 795 etiam
762 758 932 806 privata
965 757 1146 795 culmina
1179 753 1259 795 dici
1290 766 1410 808 posse
1444 766 1539 795 con-

163 816 254 870 fido,
288 817 322 855 si
348 828 416 855 eos
441 815 616 856 honores
649 815 870 870 intellegas,
898 816 967 868 qui
1000 816 1163 855 omnino
1194 814 1351 860 homini
1381 816 1537 868 privato

162 881 332 929 pateant.
366 899 422 903 —
454 875 510 916 lb.
543 875 630 917 242
669 888 894 930 moresque,
926 875 1032 928 quod
1065 874 1344 929 Luetjohanno
1378 887 1544 929 quoque·

162 938 204 976 in
236 941 411 976 mentem
442 938 564 989 venit,
596 938 639 976 in
670 941 825 976 textum
851 938 1032 989 recipere
1066 949 1147 977 non
1180 935 1377 991 dubitavi3
1411 939 1541 977 muri-

161 1009 249 1046 que,
283 996 361 1049 qod
386 996 480 1036 libri
506 996 708 1050 exhibent,
733 996 849 1036 nihili
876 1001 947 1036 est.
972 1019 1023 1025 —
1046 996 1102 1037 Ib.
1124 994 1209 1037 271
1237 999 1374 1038 siccas
1395 998 1541 1050 scripsi

164 1052 231 1111 (cf.
265 1069 396 1108 progr.
425 1056 639 1097 Sondersh.
669 1056 783 1098 1877
812 1070 848 1110 p.
878 1052 936 1112 3).
984 1058 1128 1098 Sectas
1160 1062 1270 1097 certe
1303 1062 1538 1110 corruptum

163 1121 223 1156 est
254 1129 384 1168 neque
418 1122 484 1157 aut
509 1117 727 1170 Rossbergi
754 1118 984 1157 coniectura
1017 1121 1186 1158 strictas
1218 1123 1286 1158 aut
1311 1130 1406 1158 vero
1432 1117 1536 1158 Bue-

162 1176 312 1216 cheleri
344 1182 471 1217 tectas
503 1177 602 1217 mihi
633 1177 844 1231 probatur,
877 1181 1013 1218 siccus
1046 1183 1179 1218 autem
1202 1178 1393 1219 similiter
1419 1191 1538 1219 usur-

162 1241 296 1288 patum
336 1249 423 1276 esse
463 1250 536 1277 nec
575 1250 595 1277 a
636 1238 790 1278 Sidonii
821 1238 961 1291 putido
996 1250 1180 1279 sermone
1214 1238 1433 1280 abhorrere
1469 1239 1537 1279 illc

162 1296 248 1336 loco
282 1296 445 1337 uberius
478 1297 682 1350 explicavi.
710 1321 770 1326 —-
795 1298 850 1338 lh.
877 1297 967 1340 284
993 1302 1106 1340 acies
1132 1301 1279 1352 scripsi
1312 1295 1400 1356 (‘tu
1433 1313 1539 1340 unus

162 1369 251 1396 eras
289 1358 412 1396 totius
450 1359 551 1398 aciei
592 1355 774 1414 instar')3
816 1359 864 1398 cf.
898 1372 930 1399 c.
963 1359 1005 1413 V,
1032 1357 1088 1400 69
1123 1365 1247 1400 totam
1292 1366 1331 1402 te
1363 1364 1541 1412 pertulit

162 1430 242 1457 uno
275 1418 437 1457 Coclitis
464 1421 505 1458 in
532 1421 661 1470 clipeo
668 1434 684 1466 ;
710 1418 761 1459 ib.
785 1418 839 1460 81
863 1422 1147 1470 quodcumque
1173 1426 1287 1461 tuum
1313 1427 1385 1473 cst,
1410 1423 1537 1471 quod-

163 1489 334 1527 cumque
360 1481 534 1532 vocaris,
562 1481 643 1519 iam
669 1482 777 1520 solus
809 1480 1008 1531 Tarpeius
1034 1486 1150 1528 crat;
1177 1494 1208 1521 c.
1229 1481 1309 1535 VII,
1336 1480 1426 1523 562
1453 1486 1538 1523 tum

162 1538 396 1588 respublica
422 1543 563 1579 nostra
595 1544 680 1580 tota
711 1541 902 1580 Camillus
928 1546 1045 1590 crat;
1078 1540 1270 1595 Panegyr.
1296 1555 1335 1595 p.
1359 1541 1458 1597 141,
1481 1541 1537 1584 19

162 1592 242 1652 (ed.
275 1593 433 1653 Baehr.)
474 1602 746 1648 quantoslibet
783 1602 947 1641 valebat
983 1605 1194 1642 exercitus
1238 1604 1537 1645 Maximianus.

160 1680 219 1686 —-
245 1656 299 1697 Ib.
327 1656 413 1698 305
439 1671 534 1699 nam
561 1661 657 1700 satis
683 1662 831 1700 mirum
858 1666 936 1715 est,
969 1663 1049 1702 nisi
1080 1662 1368 1704 adversativam
1399 1665 1538 1718 potius

161 1718 240 1757 vim
274 1718 405 1757 inesse
438 1719 651 1760 credimus.
691 1744 747 1749 —-
785 1721 840 1761 lb.
869 1720 956 1762 372
990 1723 1239 1774 Syracusios
1270 1726 1443 1765 restitui.
1478 1747 1536 1753 —

161 1777 214 1817 lb.
249 1775 334 1818 399
373 1777 689 1820 Drakenborchii
728 1783 999 1822 coniecturam
1026 1786 1264 1834 placitoque
1295 1787 1443 1838 recepi.
1480 1807 1532 1813 -—

161 1837 214 1877 lh.
248 1835 334 1878 413
374 1838 422 1878 de
456 1842 632 1890 flaqrat,
676 1854 776 1894 quae
815 1843 984 1882 fortasse
1024 1845 1196 1896 genuina
1229 1846 1429 1898 scriptura
1462 1851 1537 1899 est,

160 1910 193 1937 v.
227 1911 286 1950 ep.
320 1898 415 1953 VIII,
447 1898 512 1953 14,
538 1899 577 1940 4.
619 1924 674 1929 —
713 1901 768 1941 Ih.
802 1900 890 1943 500
927 1915 1001 1956 per
1039 1916 1238 1959 errorem,
1276 1910 1322 1946 ut
1363 1906 1536 1961 videtur,

161 1957 459 2011 Luetjohannus
486 1972 578 2000 eum
604 1962 786 2001 ordinem
813 1963 1040 2019 verborum,
1067 1966 1136 2017 qui
1162 1966 1205 2006 in
1223 1965 1255 2005 F
1277 1971 1340 2006 est
1365 1967 1536 2016 (veteris

161 2021 372 2069 repetam),
406 2025 566 2061 secutus
600 2026 672 2062 est.
706 2045 765 2050 -—-
796 2022 839 2076 V,
865 2021 921 2064 56
962 2030 1021 2064 est
1053 2024 1192 2066 delevi.
1225 2049 1286 2054 —
1315 2026 1370 2067 lb.
1405 2025 1462 2068 58
1496 2033 1537 2068 et

162 2078 313 2118 secludi
339 2079 480 2134 nolim3
502 2081 548 2120 cf.
571 2094 630 2134 ep.
652 2082 716 2134 IX,
738 2081 777 2136 9,
801 2082 854 2123 12
876 2097 998 2134 quam
1026 2090 1068 2125 tu
1090 2118 1097 2125 .
1120 2118 1128 2126 .
1150 2118 1158 2126 .
1180 2090 1444 2138 conspicatus
1464 2119 1474 2128 .

162 2143 283 2188 atque
305 2171 312 2179 .
332 2171 339 2179 .
364 2172 371 2179 .
394 2143 629 2182 adamatam
638 2157 653 2190 ,·
701 2142 786 2198 VII,
819 2142 865 2197 6,
899 2143 922 2184 7
964 2158 1160 2187 numerus
1198 2149 1411 2188 civitatum
1431 2178 1442 2189 .
1462 2179 1472 2190 .
1494 2179 1502 2187 .
1525 2179 1533 2188 .

160 2202 377 2239 truncatus
409 2213 484 2241 nec
517 2205 610 2242 ullis
630 2235 637 2242 .
661 2235 668 2242 .
691 2235 699 2242 .
722 2205 916 2253 suffectis.
952 2228 1007 2233 —
1041 2205 1095 2245 lb.
1130 2205 1188 2247 65
1228 2207 1274 2247 ad
1308 2207 1429 2248 verba
1460 2210 1538 2248 sed

160 2261 318 2312 melius,
358 2263 467 2309 quod
503 2266 642 2303 terror
681 2265 767 2303 abit
805 2264 852 2303 cf.
887 2264 983 2305 Stat.
1018 2265 1103 2306 silv.
1135 2267 1178 2321 V,
1213 2266 1252 2321 1,
1283 2265 1339 2308 69
1378 2270 1534 2317 meliuS,

158 2321 270 2367 quod
299 2331 378 2359 non
412 2323 587 2362 adversa
616 2325 862 2374 probarunt.
896 2348 944 2353 -
973 2325 1027 2365 lb.
1057 2325 1111 2367 87
1140 2339 1221 2367 non
1254 2327 1407 2382 dubito,
1435 2329 1533 2381 quin

159 2377 347 2419 librarius
381 2380 529 2421 codicis
557 2381 598 2436 C,
630 2388 675 2423 ut
706 2386 915 2424 metricam
947 2385 1235 2441 difficultatem,
1264 2400 1364 2440 quae
1398 2390 1533 2429 inesse
