1592 2612
163 120 253 164 304

287 469 357 502 283

290 772 360 804 290

290 1073 359 1105 295

294 1373 364 1405 300

294 1674 364 1706 305

631 109 636 113 ³
700 114 907 153 CARMEN
932 114 996 151 IX.

380 219 531 260 natales
563 230 665 271 puer
696 217 856 257 horruit
887 215 1090 256 Cadurcos

382 280 472 334 plus
503 279 744 319 Pandionias
775 289 912 317 amans
944 276 1137 330 Athenas3

383 342 497 381 cuius
530 341 565 379 si
595 340 750 379 varium
770 337 891 390 'legas
922 349 1082 391 poema,

381 406 477 441 tunc
507 399 714 440 Phoebum
744 398 807 438 vel
837 397 1028 450 Hyantias
1060 395 1214 450 puellas

382 465 516 514 potato
550 459 729 500 madidas
762 459 810 498 ab
842 458 1117 512 Hippocrene,

381 527 478 562 tunc
509 520 732 573 Amphiona
763 518 970 571 filiumque
1002 518 1146 572 Maiae,

382 586 479 622 tunc
510 586 641 621 vatem
672 579 950 632 Rhodopeium
983 590 1127 619 sonare

384 641 526 682 collato
558 640 828 681 modulamine
861 639 1083 679 arbitreris.

443 701 534 742 Non
564 706 608 742 tu
640 701 705 741 hic
738 713 845 741 nunc
877 699 1025 753 legeris
1059 705 1252 752 tuumque
1285 697 1455 752 fulmen,

388 775 410 802 o
443 762 679 815 dignissime
711 761 953 808 Quintianus
986 760 1104 815 alter,

384 835 580 876 spernens
613 823 683 875 qui
714 821 910 874 Ligurum
942 820 1074 862 solum
1106 825 1146 861 et
1177 823 1345 873 penates

384 888 536 923 mutato
569 882 651 922 lare
684 881 830 922 Gallias
864 883 1025 936 amasti,

384 945 490 983 inter
522 943 706 997 classica,
738 944 868 996 signa,
900 942 998 997 pila,
1030 946 1184 982 turmas

384 1003 551 1044 laudans
583 1003 743 1044 Aetium
774 1015 999 1056 vacansque
1032 1002 1154 1056 libro,

386 1065 428 1103 in
461 1066 605 1104 castris
636 1064 826 1104 hederate
858 1063 1060 1103 laureatis.

387 1124 457 1164 sed
489 1137 563 1164 nec
594 1126 739 1164 tertius
771 1124 838 1164 ille
871 1136 978 1164 nunc
1010 1122 1185 1177 legetur,

386 1184 527 1224 Baetin
559 1186 628 1237 qui
659 1186 834 1237 patrium
867 1184 991 1224 semel
1023 1183 1258 1236 relinquens

387 1245 563 1285 undosae
594 1247 711 1298 petiit
742 1247 851 1285 sitim
883 1244 1113 1298 Ravennae,

387 1305 568 1358 plosores
601 1307 666 1346 cui
698 1305 889 1358 fulgidam
921 1305 1101 1353 Quirites

392 1370 431 1405 et
462 1378 579 1405 carus
612 1366 877 1418 popularitate
909 1367 1100 1419 princeps

387 1425 557 1465 Traiano
592 1431 763 1466 statuam
795 1427 882 1466 foro
915 1426 1108 1466 locarunt.

451 1486 528 1526 Sed
560 1499 611 1526 ne
643 1492 687 1527 tu
719 1487 819 1526 mihi
851 1499 1084 1540 comparare
1116 1489 1308 1539 temptes,

390 1558 490 1598 quos
522 1547 647 1587 multo
680 1549 813 1587 minor
845 1549 932 1600 ipse
965 1547 1056 1600 plus
1088 1546 1230 1599 adoro,

389 1606 599 1647 Paulinum
630 1607 937 1660 Ampeliumque
971 1606 1356 1660 Symmachumque‚

390 1666 599 1707 Messalam
631 1669 783 1719 ingenii
816 1669 913 1708 satis
944 1667 1136 1721 profundi

394 1731 432 1766 et
464 1727 563 1767 nulli
595 1728 713 1767 modo
745 1728 932 1768 Martium
966 1728 1206 1781 secundum,

392 1786 552 1826 dicendi
583 1793 668 1827 arte
700 1800 799 1828 nova
832 1801 970 1841 parem
1001 1789 1170 1828 vetustis

391 1846 554 1887 Petrum
586 1853 625 1887 et
657 1860 749 1887 cum
781 1848 959 1900 loquitur
991 1850 1114 1888 nimis
1148 1847 1413 1901 stupendum,

392 1906 453 1946 vel
486 1920 606 1959 quem
637 1909 948 1961 municipalibus
980 1910 1110 1962 poetis

299 1975 369 2007 310
396 1969 606 2019 praeponit
637 1967 740 2007 bene
774 1968 934 2009 vilicum
968 1974 1144 2023 senatuS,

393 2032 575 2067 nostrum
609 2033 676 2067 aut
709 2041 808 2080 quos
842 2031 990 2070 retinet
1021 2029 1152 2070 solum
1185 2028 1379 2081 disertos,

394 2086 551 2126 dulcem
583 2087 809 2128 Anthedion
843 2095 883 2129 et
914 2090 1013 2129 mihi
1045 2090 1229 2142 magistri

274 2205 345 2238 284
370 2203 461 2238 tunc
481 2202 686 2239 Mommsen
694 2219 707 2249 ‚·
732 2205 814 2238 tum
835 2205 911 2240 PT
920 2206 967 2251 F,
995 2218 1082 2241 cum
1105 2205 1136 2242 O
1149 2206 1161 2252 ΙΙ
1181 2207 1251 2240 285
1274 2204 1410 2250 potato
1430 2202 1559 2247 codd.;

176 2251 313 2297 potata
338 2251 598 2296 Luetjohanm
623 2252 686 2287 sed
711 2253 757 2296 cf.
786 2263 815 2288 c.
837 2254 999 2298 XXIII,
1019 2257 1098 2291 207
1128 2256 1140 2301 11
1172 2257 1242 2289 295
1268 2251 1450 2288 hederate
1475 2250 1558 2286 lau-

176 2298 294 2334 reatis
323 2299 521 2335 Chatelain
553 2301 654 2344 (item
680 2300 957 2347 Luetjohann);
988 2302 1131 2338 hedera
1157 2301 1289 2348 (edera
1313 2299 1366 2344 P)
1392 2301 1452 2335 ter
1475 2298 1558 2334 lau-

176 2348 306 2382 reatus
335 2346 503 2393 OPTF,
535 2347 679 2383 hedera
704 2349 763 2383 ter
796 2350 974 2385 aureatus
1000 2351 1110 2398 vulyo
1141 2352 1154 2397 11
1185 2352 1254 2385 302
1280 2349 1410 2386 malim
1438 2358 1511 2383 neo
1546 2345 1561 2394 ΙΙ

177 2398 248 2432 310
273 2394 446 2443 vilicum]
473 2395 520 2440 cf.
541 2395 708 2432 Juvenal.
731 2397 806 2443 IV,
827 2401 875 2434 77
894 2399 906 2444 ΙΙ
