1592 2612
151 133 179 175 2
185 133 241 176 70
700 131 907 168 CARMEN
931 130 977 169 V.

271 233 454 274 hostibus
486 233 663 287 expulsis
696 245 880 286 campum
915 233 984 286 qui
1015 234 1214 273 maximus
1246 239 1355 273 extat

271 297 350 335 iam
382 294 553 334 lustrare
585 298 713 348 vacat3
745 293 881 334 videas
912 293 979 333 hio
1012 298 1145 347 strage
1178 292 1253 333 sub
1284 291 1352 333 illa

271 360 533 407 utrorumque
567 356 738 394 animos:
770 353 905 394 nullus
937 366 1019 394 non
1049 357 1214 407 pectore
1247 365 1402 408 caesus,

271 416 453 468 quisquis
485 419 618 455 vester
650 420 752 469 erat3
785 414 919 455 nullus
952 427 1033 455 non
1065 419 1178 467 terga
1210 414 1375 468 foratus,

173 483 244 516 435
270 475 429 515 illorum
463 476 657 528 quisquis.
721 475 894 515 clamant
924 475 1000 515 hoc
1032 475 1198 516 vulnera
1229 475 1352 527 primi

267 535 515 589 praedonum
546 540 631 576 tum
663 536 766 575 forte
799 535 926 590 ducis,
958 537 1026 576 eui
1057 536 1167 589 regis
1199 536 1310 575 avari

267 600 452 636 narratur
483 598 670 649 nupsisse
703 608 831 650 soror,
864 598 935 649 qui
965 596 1131 650 pulvere
1165 607 1283 636 caeco

269 656 426 696 clausus
460 661 500 696 et
532 657 656 697 elisus
687 656 781 710 pilis
814 658 982 710 vestigia
1013 658 1144 710 turpis

267 721 396 769 gestat
427 716 554 757 adhuc
586 717 781 770 probrosa
813 717 941 770 fugae.
1006 719 1065 758 sie
1097 717 1257 770 agmina
1288 720 1422 757 vestra

170 785 241 818 440
268 790 359 817 cum
392 777 530 829 spoliis
563 790 748 831 campum
780 780 958 818 retinent
990 783 1031 818 et
1061 777 1187 818 Marte
1220 775 1420 818 fruuntur.

264 839 419 877 interea
450 837 602 891 duplici
633 840 737 878 texis
770 838 867 879 dum
899 838 1016 879 litore
1050 838 1221 879 classem

264 898 421 937 inferno
456 911 682 951 superoque
715 901 829 952 mari,
863 899 969 940 eadit
1002 900 1131 939 omnis
1163 900 1206 939 in
1239 910 1390 951 aequor

265 958 361 998 silva
393 958 469 998 tibi
501 960 750 1013 nimiumque
784 960 854 1000 diu
884 972 958 1013 per
990 964 1206 1013 utrumque
1239 959 1407 1014 recisus,

263 1019 511 1074 Appennine,
542 1019 658 1074 latus,
690 1020 819 1060 navali
852 1022 922 1073 qui
954 1020 1097 1061 arbore
1130 1020 1242 1060 dives

166 1087 235 1119 445
262 1091 342 1119 non
367 1081 499 1119 minus
526 1081 568 1120 in
593 1081 758 1133 pelagus
784 1093 997 1121 nemorum
1024 1093 1144 1134 quam
1163 1082 1291 1121 mittis
1312 1095 1518 1136 aquarum.

262 1139 386 1179 Gallia
419 1142 619 1181 continuis
653 1154 894 1194 quamquam
928 1143 982 1182 sit
1012 1141 1116 1182 lassa
1147 1141 1326 1197 tributis,

261 1199 336 1239 hoo
369 1212 493 1240 censu
524 1201 724 1253 placuisse
758 1203 869 1255 cupit
900 1215 975 1242 neo
1006 1202 1186 1255 pondera
1218 1205 1354 1258 sentit,

263 1273 363 1312 quae
396 1261 589 1313 prodesse
621 1262 774 1315 probat.
838 1275 919 1303 non
951 1263 1074 1303 tantis
1106 1263 1235 1302 maior
1266 1263 1427 1304 Atrides

261 1320 515 1373 Carpathium
548 1324 648 1362 texit
678 1323 845 1378 ratibus,
878 1335 969 1364 cum
1001 1322 1170 1363 Doricus
1202 1322 1331 1364 hostis

167 1388 236 1421 450
264 1380 400 1433 Sigeas
433 1386 621 1434 rapturus
654 1395 751 1436 opes
785 1383 978 1425 Rhoeteia
1011 1383 1157 1424 elausit

263 1440 471 1496 Pergama3
503 1455 578 1482 nee
610 1448 742 1484 tantae
777 1444 923 1484 Seston
955 1446 1168 1485 iuncturus
1200 1443 1337 1498 Abydo

261 1500 414 1541 Xerxes
447 1502 588 1543 classis
621 1509 717 1558 erat,
749 1505 925 1545 tumidas
959 1517 1052 1545 eum
1084 1509 1286 1546 sterneret
1316 1505 1444 1545 undas

262 1567 301 1600 et
331 1567 498 1614 pontum
531 1563 604 1603 sub
637 1570 759 1617 ponte
792 1565 917 1619 daret,
950 1577 1042 1605 oum
1076 1570 1215 1618 stagna
1248 1565 1422 1619 superbo

260 1622 406 1674 irrupit
437 1627 630 1664 temerata
663 1625 789 1677 gradu
820 1630 1058 1678 turmaeque
1091 1626 1324 1679 frequentes

165 1689 234 1721 455
263 1681 583 1735 Hellespontiaco
616 1685 890 1737 persultavere
921 1686 1139 1740 profund03

261 1754 334 1781 nee
369 1744 425 1782 sic
457 1743 656 1784 Leucadio
690 1746 830 1787 classis
862 1746 1078 1787 Mareotica
1109 1751 1229 1799 portu

260 1801 440 1843 Actiacas
473 1804 682 1846 abscondit
714 1819 848 1860 aquas,
881 1809 923 1847 in
955 1806 1059 1847 bella
1091 1808 1226 1847 mariti

261 1862 355 1901 dum
388 1865 496 1903 venit
528 1877 549 1904 a
580 1865 697 1906 Fario
731 1866 875 1907 dotalis
908 1867 1026 1908 turha
1060 1867 1234 1922 Canope,

260 1934 351 1961 oum
383 1925 513 1975 patrio
547 1925 755 1979 Cleopatra
788 1928 900 1967 ferox
934 1928 1179 1968 circumdata
1212 1929 1333 1968 sistro

166 1990 235 2022 460
262 1982 389 2022 milite
423 1984 484 2023 vel
516 1987 630 2037 piceo
664 1986 790 2027 fulvas
824 1993 988 2028 onerata
1020 1990 1177 2028 carinas

258 2041 404 2083 Dorida
437 2044 623 2085 diffusam
655 2054 859 2099 premeret
889 2048 1136 2089 Ptolomaide
1169 2061 1274 2101 gaza.

257 2101 332 2142 hoo
365 2108 408 2143 tu
440 2117 521 2145 non
555 2106 664 2146 cultu
696 2120 863 2163 pugnas,
896 2109 966 2148 sed
1000 2121 1110 2149 more
1143 2110 1327 2162 priorum

258 2161 339 2201 dite
372 2166 498 2216 magis
531 2166 650 2221 ferro,
683 2170 827 2208 merito
861 2170 927 2209 eui
960 2169 1141 2209 subiacet
1172 2181 1316 2209 aurum

258 2221 393 2262 divitis
426 2226 568 2277 ignavi.
632 2227 733 2267 tales
766 2241 817 2268 ne
851 2241 995 2281 sperne
1028 2229 1224 2269 rebelles:

231 2316 303 2349 444
327 2315 457 2351 navali
483 2316 549 2362 qui
574 2330 656 2366 eqo,
689 2319 893 2364 navalique
919 2322 1040 2365 codd„
1066 2321 1199 2357 navali
1223 2320 1359 2356 robore
1391 2320 1511 2356 Wiza-

134 2363 278 2398 mowitz
295 2364 307 2407 ΙΙ
326 2366 407 2399 447.
434 2368 503 2400 448
530 2377 599 2401 nec
626 2379 662 2412 p.
689 2378 718 2403 s.
745 2379 780 2412 q.
807 2379 843 2413 p.
870 2368 1008 2414 probat
1033 2381 1101 2407 om.
1126 2370 1163 2405 P
1183 2373 1188 2415 Ι
1212 2367 1333 2405 sensit
1360 2366 1476 2405 OTF
1497 2367 1510 2416 Η

133 2412 204 2446 464
231 2421 364 2457 sperne
390 2411 539 2449 labores
565 2415 602 2449 P
618 2416 630 2460 ΙΙ
