1592 2612
131 166 188 209 70
607 159 754 197 LrssER
781 158 1021 204 QUARTUS.

128 267 237 307 hunc
276 265 438 306 modum
477 264 646 304 scientia
683 274 828 315 pompa
872 261 1098 313 proprietas
1143 258 1304 311 linguae
1342 256 1508 298 Latinae

130 327 292 367 iudiciis
332 327 552 365 otiosorum
590 324 763 363 maximo
803 322 958 375 spretui
995 324 1075 373 est,
1114 331 1287 372 quorum
1326 316 1509 358 scurrili-

130 388 203 427 tati
246 386 496 439 neglegentia
535 396 670 424 comes
709 383 785 423 hoc
823 381 961 422 volens
1007 385 1163 421 tantum
1201 379 1354 433 legere,
1401 377 1510 432 quod

130 451 279 501 carpat,
312 448 369 486 sic
401 458 481 486 non
513 446 641 485 utitur
673 443 830 497 litteris,
864 441 970 495 quod
1003 441 1194 481 abutitur.
1245 438 1343 480 vale.

189 809 313 857 GAI
352 807 591 856 SOLLII
629 803 1123 854 APOLLINARIS
1167 802 1448 852 SIDONII

549 901 1078 951 EPISTULARUM

601 1023 753 1064 LIBER
785 1022 1031 1070 QUARTUS.
1049 1025 1051 1029 '

803 1152 835 1196 I.

90 1250 107 1276 5
412 1236 640 1273 smomus
666 1235 828 1272 PROBO
857 1235 949 1271 suo
978 1230 1218 1271 SALUTEM.

219 1312 255 1354 1.
293 1313 415 1354 Soror
447 1313 546 1353 1111111
578 1326 679 1366 quae
712 1325 815 1353 uxor
846 1312 937 1352 tibi:
977 1313 1072 1352 hinc
1104 1314 1210 1352 inter
1242 1324 1316 1351 nos
1350 1323 1508 1352 summa

128 1380 167 1415 et
208 1374 441 1427 principalis
480 1374 756 1428 necessitudo,
801 1378 841 1414 et
879 1386 925 1413 ea
964 1373 1127 1425 quidem
1168 1371 1382 1427 patruelis,
1427 1384 1509 1412 non

127 1447 316 1488 germana
342 1434 585 1488 fraternitas,
619 1447 719 1487 quae
746 1434 985 1487 plerumque
1014 1446 1056 1473 se
1083 1434 1226 1486 purius
1253 1433 1398 1473 fortius
1425 1445 1509 1473 me·
1546 1454 1551 1457 ·

126 1497 259 1536 racius
298 1499 413 1535 amat.
476 1507 569 1535 nam
610 1494 844 1534 facultatum
873 1491 988 1534 'inter
1031 1506 1244 1546 germanos
1282 1495 1397 1546 prius
1438 1492 1509 1534 lite

73 1566 107 1592 ιο
128 1557 256 1608 sopita
282 1557 361 1595 iam
388 1556 457 1606 qui
483 1559 702 1595 nascuntur
723 1568 771 1595 ex
798 1554 1002 1608 fratribus,
1029 1553 1131 1594 nihil
1150 1555 1325 1594 invicem
1345 1559 1509 1595 contro-

127 1620 348 1669 versantur,
381 1620 421 1655 et
451 1615 545 1655 hinc
573 1628 691 1668 saepe
719 1617 866 1655 caritas
894 1617 935 1654 in
961 1614 1212 1668 patruelibus
1239 1616 1380 1669 maior,
1414 1615 1510 1668 quia

128 1676 288 1716 desistit
320 1675 500 1715 simultas
533 1688 554 1715 a
587 1676 783 1716 divisione
817 1688 891 1716 nec
925 1680 1057 1715 cessat
1089 1675 1256 1715 affectus
1290 1688 1312 1715 a
1340 1676 1511 1716 semine.

128 1736 328 1776 secundus
373 1735 489 1776 nobis
535 1737 761 1776 animorum
805 1749 933 1776 nexus
979 1737 1151 1776 accessit
1189 1735 1238 1776 de
1281 1735 1510 1776 studiorum

127 1797 339 1850 parilitate,
367 1798 460 1849 quia
486 1796 593 1836 idem
620 1798 816 1837 sentimus
839 1796 1046 1849 culpamus
1066 1796 1276 1836 laudamus
1297 1798 1340 1836 in
1359 1795 1508 1836 litteris

74 1867 109 1893 15
130 1862 169 1896 et
219 1869 344 1909 aeque
396 1856 512 1897 nobis
565 1856 766 1909 quaelibet
817 1857 938 1897 dictio
987 1856 1119 1909 placet
1162 1856 1507 1910 improbaturque.

129 1915 166 1957 2.
195 1929 436 1970 quamquam
462 1916 562 1956 mihi
588 1918 708 1956 nimis
735 1930 878 1969 arrogo
906 1916 1103 1957 iudicium
1128 1929 1265 1957 meum
1295 1917 1510 1958 conferens

128 1982 208 2017 tuo.
273 1978 363 2030 quis
410 1978 518 2016 enim
562 1979 751 2017 iuvenum
795 1979 950 2017 nesciat
994 1979 1281 2031 seniorumque
1326 1982 1366 2018 te
1409 1977 1510 2017 mihi

129 2039 367 2089 magistrum
399 2037 524 2077 fuisse
563 2039 791 2090 proprium,
830 2050 921 2078 cum
954 2038 1185 2078 videremur
1217 2038 1366 2079 habere
1400 2050 1509 2078 com-

130 2110 309 2151 munem,
355 2102 395 2137 et
437 2099 472 2137 si
517 2097 613 2150 quid
657 2098 844 2138 heroicus
891 2097 1061 2138 arduum
1100 2100 1279 2156 comicus
1318 2098 1511 2152 lepidum,

76 2167 111 2193 20
131 2157 280 2209 lyricus
314 2157 607 2198 cantilenosum
640 2162 774 2197 orator
806 2158 1152 2213 declamatorium,
1189 2159 1410 2200 historicus
1443 2170 1510 2198 ve-

132 2229 224 2257 rum
257 2219 443 2257 satiricus
471 2218 698 2272 figuratum,
731 2220 1014 2270 grammaticus
1041 2219 1225 2272 regulare
1251 2219 1510 2272 panegyrista

231 2348 249 2380 1
276 2344 489 2390 proprietas
515 2344 673 2390 linguae
704 2344 849 2381 latinae
882 2357 1024 2392 pompa
1054 2346 1086 2383 G
1112 2349 1123 2393 ΙΙ
1156 2351 1176 2383 5
1203 2349 1314 2384 inser.
1341 2358 1409 2384 om.
1436 2346 1474 2383 L
1499 2347 1509 2394 Η

132 2396 194 2477 {31-
196 2391 426 2486 ἓιιῐιὶὶἀσὲάᾳίἰῦι
451 2392 482 2429 0
496 2394 508 2439 ΙΙ
527 2397 574 2428 20
600 2394 728 2429 orator
751 2393 1067 2431 declamatorium
1086 2395 1175 2441 Leo,
1201 2397 1404 2441 oratorque
1430 2405 1510 2430 ma-
