1592 2612
627 98 837 137 CARMEN
859 99 906 137 Π.
1371 99 1459 143 247

97 208 171 242 255
195 205 242 242 ut
273 200 398 255 galeis
430 200 593 242 cedant:
626 203 686 242 sic
715 206 884 255 propter
914 201 1069 254 proelia
1099 206 1216 242 natos

196 266 405 302 maternus
437 261 636 302 deformat
666 274 791 316 amor,
824 263 916 315 quia
948 267 1064 302 tensa
1096 275 1290 316 genarum

196 334 278 363 non
310 323 524 363 interiecto
557 323 603 363 fit
634 322 753 363 latior
784 335 878 363 area
910 335 1019 363 naso,

197 387 333 424 cetera
363 395 458 436 pars
490 387 553 423 est
584 383 752 436 pulchra
784 385 902 424 viris:
935 388 1043 424 stant
1073 388 1239 436 pectora
1270 388 1393 438 vasta,

196 444 377 497 insignes
408 445 553 498 umeri,
585 445 792 484 succincta
824 443 899 484 sub
932 443 1054 484 ilibus
1086 443 1209 484 alvus.

99 511 170 545 260
196 503 324 544 forma
356 504 520 557 quidem
550 504 678 557 pediti
708 504 841 545 media
873 508 947 559 est,
978 517 1147 558 procera
1179 504 1251 545 sed
1283 509 1405 559 extat,

96 814 168 848 265

97 1117 168 1151 270

196 565 233 604 si
263 577 406 605 cernas
439 566 615 618 equites:
648 566 707 605 sic
738 565 848 618 longi
881 577 999 618 saepe
1032 569 1238 619 putantur,

195 626 232 665 si
263 625 442 666 sedeant.
504 627 571 665 vix
602 630 730 666 matre
763 638 906 666 carens
938 631 984 666 ut
1015 627 1196 666 constitit
1227 626 1373 680 infans,

194 698 288 726 mox
319 685 488 739 praebet
519 686 685 726 dorsum
719 688 900 740 sonipes3
933 691 1100 739 cognata
1133 698 1247 727 reare

195 745 377 787 membra
407 748 524 787 viris:
556 748 612 786 ita
644 759 806 799 semper
837 759 942 800 equo
975 760 1050 787 ceu
1082 747 1186 787 fixus
1219 747 1411 787 adhaeret

194 811 348 861 rector3
381 807 645 860 cornipedum
676 812 790 860 tergo
823 819 922 860 gens
955 807 1079 847 altera
1112 807 1254 861 fertur,

196 867 296 908 haec
326 867 490 908 habitat.
552 872 703 908 teretes
735 880 854 908 arcus
887 872 926 908 et
958 867 1112 921 spicula
1144 867 1270 922 cordi,

196 927 401 968 terribiles
433 934 648 981 certaeque
680 940 823 968 manus
856 927 1079 981 iaculisque
1112 928 1302 968 ferendae

195 989 339 1028 mortis
370 988 448 1028 fixa
480 988 581 1028 fides
612 994 654 1028 et
685 1001 767 1028 non
797 994 989 1042 peccante
1023 988 1098 1029 sub
1131 991 1215 1029 ictu

196 1048 363 1090 edoctus
394 1061 564 1102 peccare
595 1049 719 1089 furor.
783 1061 883 1102 gens
914 1051 991 1090 ista
1022 1054 1190 1102 repente
1468 1095 1471 1100 s

195 1122 413 1162 erumpens
446 1109 701 1162 solidumque
733 1112 835 1150 rotis
866 1114 1094 1150 transvecta
1126 1122 1201 1163 per
1230 1109 1415 1150 Histrum

194 1175 360 1210 venerat
390 1174 432 1210 et
463 1172 590 1210 siccas
621 1170 821 1210 inciderat
852 1170 983 1211 orbita
1014 1170 1208 1224 lymphas.

194 1230 298 1271 hanc
330 1235 376 1271 tu
407 1230 588 1271 directus
618 1243 693 1284 per
722 1230 867 1271 Dacica
899 1243 996 1271 rura
1027 1236 1238 1284 vagantem

196 1295 336 1331 contra
368 1292 416 1345 is,
448 1291 694 1345 aggrederis,
727 1304 907 1345 superas,
939 1291 1133 1346 includis3
1166 1297 1206 1331 et
1238 1296 1284 1332 ut
1314 1296 1354 1332 te

195 1356 345 1392 metato
378 1353 509 1405 spatio
541 1357 767 1392 castrorum
799 1352 964 1392 Serdica
996 1352 1107 1406 vidit,

99 1420 170 1452 275
197 1411 409 1452 obsidione
441 1413 607 1464 premis.
670 1425 772 1464 quae
805 1417 844 1452 te
879 1414 938 1452 sic
969 1417 1152 1465 tempore
1184 1411 1312 1452 multo

195 1473 239 1512 in
269 1471 370 1512 vallo
403 1473 581 1524 positum
614 1474 781 1526 stupuit,
808 1472 915 1525 quod
947 1472 1065 1512 miles
1098 1474 1141 1512 in
1173 1485 1292 1524 agros

195 1545 271 1573 nec
302 1532 426 1573 licitis
457 1545 532 1572 nec
566 1532 725 1572 furtivis
758 1532 997 1573 excursibus
1029 1533 1123 1573 ibat.

197 1594 263 1633 cui
295 1592 457 1633 deesset
488 1605 580 1633 cum
613 1605 732 1646 saepe
765 1591 890 1633 Ceres
924 1605 1164 1646 semperque
1196 1592 1364 1648 Lyaeus,

196 1652 411 1706 disciplina
442 1658 577 1693 tamen
608 1665 689 1693 non
722 1653 867 1708 desuit;
900 1653 993 1694 inde
1026 1655 1253 1706 propinquo

95 1722 169 1756 280
194 1713 310 1754 hoste
343 1715 471 1766 magis
502 1715 675 1754 timuere
707 1713 862 1754 ducem.
915 1715 974 1754 sic
1006 1714 1180 1767 denique
1207 1714 1356 1755 sactum
1382 1719 1458 1770 est,

193 1779 238 1815 ut
271 1775 405 1815 socius
437 1779 523 1814 tum
557 1774 660 1814 sorte
691 1778 798 1828 tuus,
830 1786 924 1814 mox
955 1774 1151 1828 proditor,
1183 1774 1264 1814 illis

195 1835 346 1875 frustra
377 1840 489 1887 terga
522 1834 637 1875 daret
669 1836 908 1875 commissae
939 1839 1121 1888 tempore
1154 1847 1323 1888 pugnae.

195 1897 266 1948 qui
297 1897 377 1935 iam
410 1908 503 1935 cum
534 1895 693 1947 fugeret
723 1895 827 1935 flexo
859 1895 961 1948 pede
995 1907 1145 1935 cornua
1176 1895 1347 1951 nudans,

195 1961 241 1996 tu
273 1955 406 1996 stabas
439 1957 546 1996 acies
580 1955 702 2010 solus,
733 1960 773 1995 te
807 1968 947 2009 sparsa
978 1955 1111 2008 fugaci

96 2024 168 2058 285
196 2017 364 2070 expetiit
395 2016 561 2056 ductore
594 2028 749 2069 manus,
780 2021 820 2056 te
851 2016 976 2056 Marte
1009 2016 1188 2069 pedestri

70 2385 167 2423 Ross

195 2076 406 2117 sudantem
439 2075 647 2129 repetebat
678 2089 815 2130 eques,
847 2082 915 2116 tua
948 2078 1062 2129 signa
1095 2081 1259 2116 secutus

193 2149 275 2177 non
307 2149 351 2177 se
384 2137 590 2177 desertum
622 2138 751 2177 sensit
781 2138 1002 2177 certamine
1033 2136 1163 2177 miles.

194 2199 208 2237 i
240 2210 347 2238 nunc
380 2203 419 2237 et
451 2199 599 2237 veteris
631 2197 769 2250 profer
799 2199 1012 2250 praeconia
1045 2196 1163 2251 Tulli,

168 2340 237 2373 271
273 2337 395 2373 siccas
426 2348 511 2383 e90;
550 2337 675 2373 sectas
703 2337 829 2383 GPT,
870 2348 998 2374 seccas
1031 2341 1074 2373 ut
1104 2338 1178 2373 vid.
1203 2337 1261 2381 F;
1299 2338 1454 2375 strictas

169 2386 265 2434 berq,
283 2387 407 2422 tectas
427 2386 629 2423 Buecheler
649 2386 709 2432 (cl.
732 2386 864 2423 Claud.
886 2398 914 2423 e.
931 2389 990 2430 57,
1005 2388 1048 2430 1;
1075 2388 1136 2431 60,
1149 2388 1276 2433 135284
1294 2386 1378 2424 acie
1394 2387 1455 2437 ΓΗ
