1592 2612
603 83 814 122 camum
837 84 939 122 x1v.
979 130 982 132 ‚
1031 53 1035 57 ’
1378 81 1473 126 313

300 192 504 230 sextantes
534 187 634 241 legit
664 188 886 240 unciasque
918 186 1019 240 fisci,

299 248 561 302 Marsyaeque
592 249 709 289 timet
739 259 902 288 manum
935 260 981 287 ac
1013 246 1240 301 rudentem,

300 310 371 362 qui
402 308 555 350 Phoebi
586 321 636 349 ex
668 308 761 349 odio
793 309 1015 348 vetustiore

227 378 275 411 4ο
300 382 409 411 nunc
441 369 658 424 suspendia
688 368 848 410 vatibus
879 370 1068 409 minatur.
1133 373 1137 377 ”

337 606 565 645 SIDONIUS
591 606 811 644 POLEMIO
839 606 933 643 SUO
961 606 1205 643 SALUTEM.

175 683 213 726 1.
245 684 350 726 Dum
392 690 486 738 post
523 685 817 738 profectionem
861 689 990 738 tuam,
1035 685 1092 724 mi
1126 683 1299 737 Polemi,
1344 683 1470 723 frater

82 747 377 799 amantissime,
414 757 574 786 mecum
611 745 818 798 granditer
854 750 1018 798 reputo,
1057 745 1246 797 quatinus
1284 745 1327 784 in
1364 744 1469 783 votis

84 808 165 847 tuis
190 806 421 860 philosophi
443 805 693 846 Fescennina
720 810 937 860 cantarem,
970 805 1152 858 obrepsit
1176 806 1357 858 materia,
1390 816 1469 857 qua

82 867 254 908 decursa
298 866 414 907 facile
459 866 618 907 dinosci
666 866 771 907 valet
813 868 942 919 magis
985 879 1050 906 me
1095 865 1302 905 doctrinae
1348 877 1468 918 quam

82 940 227 968 causae
258 932 351 968 tuae
383 926 573 968 habuisse
605 929 815 967 rationem.
874 928 1021 967 omissa
1054 927 1189 979 itaque
1222 925 1469 979 epithalamii

82 988 356 1030 teneritudine
384 1000 459 1041 per
485 989 728 1041 asperrimas
754 986 1031 1040 philosophiae
1058 992 1099 1027 et
1125 986 1469 1027 salebrosissimas

82 1048 243 1102 regulas
275 1047 414 1088 stilum
444 1049 567 1102 traxi3
606 1061 778 1101 quarum
809 1047 901 1088 talis
941 1048 1039 1088 ordo
1072 1052 1152 1101 est,
1184 1052 1229 1087 ut
1261 1049 1349 1087 sine
1380 1046 1469 1100 plu-

82 1110 198 1150 rimis
223 1110 338 1149 novis
364 1108 512 1162 verbis,
545 1121 647 1162 quae
673 1109 852 1162 praefata
877 1121 975 1162 pace
1002 1108 1258 1161 reliquorum.
1278 1107 1469 1160 eloquen—

82 1174 170 1211 tum
202 1169 432 1223 specialiter
463 1168 539 1209 tibi
564 1174 605 1209 et
631 1168 944 1222 Complatonicis
969 1171 1052 1209 tuis
1077 1173 1173 1209 nota
1200 1173 1307 1222 sunt,
1338 1179 1468 1220 nugae

81 1232 193 1284 ipsae
237 1242 320 1270 non
364 1229 564 1270 valuerint
608 1230 802 1283 expediri.
879 1228 918 1270 2.
951 1230 1123 1283 videris,
1166 1234 1305 1269 utrum
1349 1240 1468 1269 aures

84 1290 338 1344 quorundam
364 1303 439 1343 per
464 1291 710 1343 imperitiam
735 1295 899 1330 tenerae
926 1292 1174 1330 mentionem
1201 1291 1343 1343 centri,
1375 1300 1468 1342 pro-

82 1352 294 1405 portionis,
325 1350 620 1403 diastematum,
652 1350 857 1391 climatum
889 1350 952 1391 vel
981 1363 1185 1404 myrarum
1212 1349 1469 1403 epithalamio

84 1410 383 1452 conducibilem
412 1423 495 1450 non
526 1415 680 1463 putent.
743 1411 843 1451 illud
876 1416 985 1451 certe
1018 1410 1222 1451 consulari
1256 1412 1342 1450 viro
1374 1423 1468 1450 vere

82 1472 239 1525 Magno,
272 1472 501 1524 quaestorio
527 1473 613 1511 viro
639 1470 850 1525 Domnulo,
882 1471 1094 1524 spectabili
1124 1472 1211 1511 viro
1237 1470 1371 1511 Leone
1398 1471 1469 1511 du-

85 1532 200 1573 cibus
233 1531 425 1572 audacter
456 1531 625 1585 affirmo,
656 1533 853 1572 musicam
880 1536 920 1572 et
945 1531 1215 1585 astrologiam,
1247 1544 1348 1584 quae
1376 1535 1471 1571 sunt

84 1593 189 1634 infra
246 1592 541 1632 arithmeticam
598 1593 887 1644 consequentia
943 1591 1124 1632 membra
1179 1591 1470 1645 philosophiae,

84 1653 314 1695 nullatenus
352 1664 471 1705 posse
511 1653 599 1692 sine
631 1652 744 1692 hisce
785 1652 1018 1693 nominibus
1056 1652 1246 1706 indicari3
1292 1664 1394 1705 quae
1434 1653 1470 1691 si

84 1715 286 1767 quispiam
317 1718 362 1753 ut
394 1711 558 1767 Graeca,
597 1714 703 1753 sicut
734 1718 846 1767 sunt,
885 1718 926 1753 et
962 1714 1177 1766 peregrina
1214 1712 1335 1753 verba
1374 1724 1468 1752 con-

84 1775 310 1828 tempserit,
342 1774 500 1813 noverit
538 1772 617 1813 sibi
650 1779 719 1814 aut
758 1786 881 1827 super
911 1773 1192 1814 huiuscemodi
1225 1774 1324 1813 artis
1356 1785 1468 1813 men-

83 1837 194 1876 tione
228 1833 575 1887 supersedendum
614 1839 682 1874 aut
719 1833 821 1874 nihil
853 1835 1017 1874 omnino
1051 1846 1093 1874 se
1133 1838 1201 1874 aut
1239 1838 1348 1874 certe
1387 1845 1469 1873 nou

85 1895 135 1936 ad
167 1907 300 1935 assem
332 1893 483 1933 Latiari
513 1893 648 1946 lingua
679 1894 774 1935 hinc
800 1907 919 1947 posse
953 1895 1168 1935 disserere.
1220 1892 1259 1934 3.
1293 1893 1400 1946 quod
1434 1895 1470 1933 si

84 1955 231 2009 aliquis
265 1966 382 1995 secus
421 1958 539 2006 atque
578 1966 715 1995 assero
754 1967 841 1995 rem
879 1967 922 1995 se
960 1954 1109 1995 habere
1149 1956 1373 2007 censuerit,
1418 1953 1468 1993 do

85 2016 249 2070 quidem
282 2014 427 2056 absens
466 2013 805 2056 obtrectatoribus
844 2028 1004 2070 manus3
1044 2015 1115 2055 sed
1153 2015 1340 2055 noverint
1377 2026 1468 2054 sen-

184 2131 273 2168 XIV
298 2135 319 2166 2
346 2143 409 2166 um
437 2131 554 2177 PT⁸‚
587 2142 673 2166 cum
701 2131 759 2167 Tb
782 2134 796 2178 ΙΙ
820 2136 844 2168 4
873 2131 1101 2178 philosophe
1133 2131 1352 2176 Buecheler,
1390 2130 1468 2167 tuis

85 2182 200 2219 deleri
230 2180 311 2218 vult
343 2179 591 2216 Wilanwwitz
626 2181 640 2225 u
677 2183 699 2215 5
724 2180 872 2216 valeret
899 2180 931 2217 Ο
963 2182 976 2227 ΙΙ
1014 2184 1035 2216 8
1060 2178 1237 2225 regiones
1269 2179 1470 2216 Buecheler

85 2234 96 2277 ἧς
136 2233 180 2266 12
206 2231 360 2265 tenerae
393 2239 479 2274 e90;
509 2229 651 2263 temere
682 2229 785 2265 codd.
815 2229 1075 2274 (Luetjohann
1099 2230 1242 2264 temere
1274 2228 1470 2264 delendum

85 2280 218 2324 censet)
248 2278 261 2323 ss
292 2280 336 2312 14
363 2277 464 2311 certe
491 2277 535 2312 in
557 2277 631 2321 fine
655 2288 781 2314 versus
806 2289 873 2314 om.
898 2277 928 2313 C
948 2280 960 2323 11
989 2280 1032 2312 19
1060 2275 1160 2312 sicut
1185 2276 1273 2311 sunt
1299 2278 1338 2312 et
1361 2287 1468 2322 pere-

86 2337 198 2373 grina
221 2326 286 2363 vul
310 2336 353 2379 9;
379 2325 479 2360 sicut
498 2325 537 2360 et
557 2325 647 2360 sunt
665 2337 701 2371 p.
722 2326 827 2362 codd.
847 2328 860 2371 ss
879 2329 925 2361 20
947 2325 1077 2372 super]
1099 2335 1250 2371 semper
1267 2325 1471 2362 Buecheler

84 2378 167 2421 ῑ22
194 2373 291 2410 latia
347 2371 492 2419 Tlhic
520 2372 578 2419 Cu

1491 1181 1526 1207 10

1491 1483 1526 1510 15
