1592 2612
127 145 183 188 32
589 135 736 173 Lissnss
763 132 1028 172 SECUNDUS.

129 245 233 299 quod
254 256 335 284 non
355 242 499 282 vidisse
522 241 573 279 sit
593 239 782 278 sanctius.
814 237 933 289 pauci
951 239 1087 275 tamen
1099 230 1291 273 versiculi
1309 230 1504 272 lectorem

129 306 396 346 adventicium
428 298 737 342 remorabuntur
769 298 934 337 minime
961 293 1145 348 improbo
1171 294 1504 345 temperamento,

130 367 222 419 quia
254 377 323 405 eos
348 375 423 403 nec
449 360 639 412 relegisse
666 358 867 398 desiderio
894 361 956 396 est
981 368 1056 396 nec
1082 353 1303 408 perlegisse
1330 351 1504 393 fastidio.

130 428 210 466 iam
242 427 276 465 si
307 434 505 464 marmora
536 421 731 473 inquiras,
762 430 844 458 non
869 416 951 457 illic
978 415 1142 469 quidem
1166 413 1291 454 Paros
1317 412 1506 466 Carystos

96 501 113 527 5
131 486 419 537 Proconnesos,
438 481 614 534 Phryges
629 479 823 520 Numidae
839 478 1059 531 Spartiatae
1080 476 1244 529 rupium
1264 475 1508 515 variatarum

131 557 302 600 posuere
341 547 514 596 crustas,
558 552 688 593 neque
727 552 800 593 per
839 537 1025 591 scopulos
1063 536 1321 589 Aethiopicos
1360 538 1401 575 et
1439 533 1508 574 ab·

132 611 249 659 rupta
292 614 494 658 purpurea
539 602 712 654 genuino
758 600 888 640 fucata
933 597 1140 650 conchylio
1183 607 1371 650 sparsum
1408 593 1509 635 mihi

134 679 226 706 saxa
264 665 459 705 furfurem
496 663 759 702 mentiuntur.
832 659 903 700 sed
942 660 1019 699 etsi
1059 657 1170 699 nullo
1202 657 1511 710 peregrinarum

134 728 309 766 cautium
335 726 468 776 rigore
495 723 683 775 ditamur,
715 720 865 761 habent
889 724 1025 760 tamen
1050 719 1213 772 tuguria
1239 729 1312 758 seu
1337 714 1511 770 mapalia

81 802 114 827 10
132 799 219 827 mea
246 787 416 825 civicum
442 784 581 835 frigus.
627 783 724 834 quin
749 783 884 834 potius
912 780 1007 834 quid
1027 779 1246 836 habeamus
1273 789 1394 831 quam
1413 775 1511 830 quid

133 859 214 887 non
238 845 455 886 habeamus
484 842 673 884 ausculta.
727 841 765 883 8.
792 842 886 882 huic
913 840 1102 881 basilicae
1130 838 1330 893 appendix
1356 838 1514 891 piscina

134 908 357 947 forinsecus
391 917 475 958 seu,
509 905 543 944 si
575 904 755 956 graecari
787 903 924 956 mavis,
955 901 1241 954 baptisterium
1273 898 1322 940 ab
1357 899 1512 939 oriente

135 968 370 1020 conectitur,
397 964 503 1017 quod
528 965 671 1016 viginti
696 964 859 1003 circiter
884 962 1112 1002 modiorum
1138 960 1248 1001 milia
1275 961 1391 1013 capit.
1433 958 1515 999 huc

137 1028 254 1068 elutis
297 1039 317 1066 e
356 1025 487 1066 calore
525 1023 779 1064 venientibus
821 1022 969 1076 triplex
1007 1022 1131 1063 medii
1175 1022 1343 1075 parietis
1382 1019 1515 1060 aditus

84 1101 118 1127 15
138 1100 211 1141 per
252 1090 412 1127 arcuata
450 1084 656 1125 intervalla
697 1088 912 1124 reseratur.
976 1096 1051 1123 nec
1088 1082 1193 1136 pilae
1233 1085 1328 1122 sunt
1358 1079 1515 1121 mediae

139 1148 209 1188 sed
242 1146 461 1200 columnae,
494 1158 592 1198 quas
625 1145 835 1185 architecti
865 1145 1082 1197 peritiores
1112 1142 1389 1195 aedificiorum
1419 1151 1516 1194 pur-

139 1220 261 1261 puras
305 1218 598 1259 nuncupavere.
667 1207 710 1245 in
747 1205 850 1245 hanc
889 1217 985 1258 ergo
1023 1205 1224 1257 piscinam
1261 1202 1429 1243 fluvium
1467 1200 1516 1240 de

141 1267 355 1320 supercilio
381 1268 528 1306 montis
556 1265 734 1306 elicitum
761 1265 1047 1318 canalibusque
1075 1264 1330 1306 circumactis
1356 1274 1430 1316 per
1449 1274 1517 1302 ex-

140 1329 288 1368 teriora
320 1328 539 1367 natatoriae
572 1326 695 1366 latera
723 1331 932 1366 curvatum
959 1338 1029 1366 sex
1056 1324 1212 1365 fistulae
1239 1324 1518 1377 prominentes

88 1402 124 1429 20
143 1388 304 1428 leonum
331 1387 526 1427 simulatis
554 1386 750 1440 capitibus
778 1386 1001 1440 effundunt,
1027 1398 1128 1439 quae
1148 1390 1302 1425 temere
1321 1383 1519 1437 ingressis

142 1461 256 1488 veras
289 1448 469 1487 dentium
495 1452 638 1501 crateS,
669 1459 803 1487 meros
830 1446 1039 1488 oculorum
1071 1447 1242 1500 furores,
1274 1449 1406 1486 certas
1433 1455 1520 1484 cer-

142 1510 275 1548 vicum
313 1507 426 1548 iubas
466 1507 802 1560 imaginabuntur.
868 1506 906 1548 9.
939 1507 1005 1548 hic
1038 1508 1073 1547 si
1105 1507 1313 1547 dominum
1345 1517 1418 1546 seu
1450 1503 1519 1544 do-

143 1570 310 1608 mestica
343 1581 414 1609 seu
445 1567 653 1620 hospitalis
680 1568 800 1608 turba
826 1570 1072 1622 circumstet,
1105 1569 1199 1620 quia
1224 1579 1321 1620 prae
1349 1566 1523 1619 strepitu

145 1629 285 1669 caduci
322 1628 500 1668 fluminis
539 1633 700 1668 mutuae
738 1641 881 1669 vocum
913 1630 1021 1669 vices
1053 1629 1188 1668 minus
1219 1627 1523 1680 intelleguntur,

91 1702 127 1730 25
145 1690 188 1729 in
232 1701 369 1728 aurem
414 1688 492 1728 sibi
535 1688 706 1741 populus
749 1688 1044 1742 confabulatum
1087 1690 1142 1729 ita
1182 1689 1318 1728 sonitu
1355 1698 1523 1740 pressus

146 1749 274 1789 alieno
314 1748 528 1789 ridiculum
567 1749 724 1789 affectat
760 1748 947 1801 publicus
987 1761 1119 1789 sermo
1153 1753 1366 1789 secretum.
1428 1747 1524 1787 hinc

147 1810 320 1861 egressis
353 1809 464 1848 frons
496 1808 663 1848 triclinii
694 1809 927 1849 matronalis
961 1809 1141 1862 offertur,
1174 1810 1241 1849 cui
1267 1809 1526 1849 continuatur

146 1870 346 1909 vicinante
372 1870 547 1908 textrino
575 1868 674 1908 cella
699 1871 865 1922 penaria
892 1870 1168 1909 discriminata
1193 1873 1351 1909 tantum
1370 1869 1525 1921 pariete

149 1930 356 1969 castrensi.
410 1927 477 1970 10.
511 1928 559 1968 ab
594 1934 684 1969 ortu
716 1929 847 1969 lacum
872 1931 1054 1982 porticus
1081 1930 1274 1983 intuetur,
1306 1930 1433 1982 magis
1460 1940 1525 1968 ro-

95 2004 130 2031 30
149 1989 327 2030 tundatis
378 1988 476 2028 fulta
522 1988 696 2041 collyriis
742 2002 861 2042 quam
904 1989 1102 2030 columnis
1146 1989 1343 2030 invidiosa
1388 2001 1527 2029 mono-

249 2120 268 2152 1
295 2118 426 2152 tamen
451 2128 517 2152 om.
541 2116 573 2152 G
593 2119 605 2161 ss
632 2120 675 2151 13
701 2116 937 2153 moeniorum
964 2118 1000 2153 L
1018 2119 1030 2164 ΙΙ
1052 2121 1096 2153 14
1122 2117 1262 2153 elautis
1288 2117 1530 2163 LuetJ'ohawn

155 2166 158 2213 Ι
188 2176 208 2201 e
235 2176 302 2202 om.
329 2165 534 2201 Parisinus
558 2167 661 2201 2782
686 2166 825 2212 aliique
845 2168 856 2213 ΙΙ
885 2170 928 2201 16
954 2177 1141 2213 purpuras
1162 2166 1302 2202 LVM
1306 2165 1347 2212 T,
1376 2164 1529 2200 absides

150 2213 213 2249 vel
237 2212 444 2259 piramides
467 2213 499 2249 G
512 2214 524 2259 n
543 2216 588 2247 21
616 2212 762 2249 furores
788 2225 856 2250 om.
883 2226 937 2260 sp.
960 2219 982 2251 5
1009 2215 1031 2251 Z.
1052 2227 1084 2252 v.
1106 2214 1143 2250 L
1161 2216 1173 2261 ΙΙ
1192 2219 1237 2250 22
1261 2212 1532 2260 imaginabunt.

150 2262 259 2298 malit
283 2261 524 2307 Luetyhhaom
565 2263 578 2307 ΙΙ
622 2264 667 2297 30
694 2261 847 2298 coluriis
874 2263 1060 2299 Sirmond.
1104 2264 1108 2309 Ι
1149 2261 1407 2298 monobilibus
1434 2261 1528 2308 LN,

151 2309 413 2345 monubilibus
441 2309 518 2355 (vel
542 2320 654 2346 mono
680 2322 707 2346 s.
730 2311 752 2347 Z.
775 2312 861 2347 add.
883 2311 933 2346 M
936 2311 1019 2356 1)M
1027 2312 1068 2356 V,
1093 2310 1344 2346 munibilibus
1371 2321 1464 2347 corr.
1485 2322 1532 2346 ex

151 2357 413 2453 mgnubill'ibus
442 2358 498 2404 02,
530 2357 762 2394 volubilibus
791 2359 832 2405 T,
860 2359 1081 2395 monolithis
1109 2359 1334 2405 Gustafsson
1359 2363 1393 2396 et
1418 2359 1533 2395 Imet-

146 2418 189 2453 30
216 2418 294 2443 omn
