1592 2612
339 111 571 150 SIDONIUS
597 110 843 149 SIMPLICIO
869 110 964 148 SUO
992 109 1237 148 SALUTEM.
1426 108 1482 151 79

97 214 343 256 sufflammat
379 213 549 268 invidia,
587 214 630 253 in
666 225 715 253 eo
747 214 828 253 iam
859 214 1084 266 praecessit
1114 212 1291 252 vindicta
1321 211 1485 267 pulsati,

95 275 205 330 quod
241 287 391 329 procax
427 275 579 328 petitor
617 279 782 327 sumptu
820 278 859 314 et
896 275 1043 314 itinere
1083 273 1292 314 confectus
1329 278 1483 313 temere

96 337 331 391 propositae
362 334 446 376 litis
479 334 649 375 exsudat
679 334 947 388 incommoda,
979 339 1098 387 atque
1130 334 1208 374 hoc
1240 335 1283 374 in
1309 335 1483 374 maximo

93 397 244 438 hiemis
275 400 444 437 accentu
477 396 728 448 summisque
761 394 936 436 cumulis
961 396 1117 435 nivium
1143 396 1375 448 crustisque
1402 394 1484 447 gla-

96 459 270 512 cierum3
296 456 404 510 quod
429 461 603 511 tempus,
630 461 826 509 quantum
845 456 895 496 ad
922 461 1143 496 sectatores
1162 455 1296 496 litium
1316 460 1483 510 spectat,
1521 466 1539 494 5

93 518 217 559 breve
250 517 416 571 quidem
448 529 568 571 saepe
602 522 664 557 est
696 517 925 557 audientiae
959 516 1030 557 sed
1058 516 1296 557 diuturnum
1323 528 1485 569 semper

94 580 279 620 iniuriae.
330 577 430 618 vale.

738 707 837 751 VII.

339 791 570 828 SIDONIUS
596 791 841 828 SIMPLICIO
868 790 963 828 SUO
990 790 1235 828 SALUTEM.

189 867 228 911 1.
268 869 379 910 Solet
416 869 551 910 dicere
591 866 839 909 ‘currentem
877 866 1058 923 mones',
1103 870 1174 921 qui
1211 874 1395 922 rogatur,
1439 873 1484 908 ut

94 931 216 971 faciat
247 931 355 984 quod
379 930 560 970 facturus
593 930 725 970 fuerat
755 931 875 971 etiam
904 942 987 970 non
1013 935 1188 982 rogatus.
1238 934 1480 983 percontere
1501 943 1536 969 ιο

95 992 277 1046 forsitan,
309 1003 388 1044 quo
422 995 578 1044 spectet
602 992 680 1031 ista
705 992 922 1043 praemitti.
967 990 1127 1030 baiulus
1154 991 1314 1043 apicum
1341 989 1482 1030 sedulo

95 1057 306 1106 precatur,
348 1056 394 1092 ut
431 1051 480 1092 ad
519 1064 589 1091 vos
627 1064 648 1091 a
687 1063 752 1091 me
790 1050 946 1091 litteras
986 1051 1106 1104 ferat,
1149 1052 1265 1091 cuius
1304 1063 1326 1091 a
1364 1049 1482 1090 nobis

95 1114 243 1154 itinere
270 1117 477 1166 comperto
498 1112 539 1152 id
559 1113 694 1165 ipsum
713 1117 800 1152 erat
818 1113 974 1166 utique,
1001 1113 1036 1151 si
1054 1113 1261 1166 tacuisset,
1289 1111 1482 1165 orandus3

95 1186 271 1227 namque
303 1171 380 1213 hoc
413 1173 591 1213 officium
625 1177 758 1213 vester
789 1174 926 1226 potius
958 1185 1072 1213 amor
1104 1185 1226 1225 quam
1257 1171 1387 1225 geruli
1419 1184 1482 1212 re-

97 1239 261 1287 spectus
293 1233 441 1275 elicuit.
493 1238 674 1274 ceterum
706 1233 772 1274 hic
805 1235 893 1286 ipse
923 1232 1170 1274 beneficium
1204 1245 1246 1273 se
1277 1237 1483 1286 computat
1502 1245 1539 1272 15

95 1297 316 1349 meruisse,
354 1296 425 1348 qui
461 1295 683 1349 praestitit,
722 1306 966 1347 quamquam
1007 1294 1229 1334 identidem
1272 1293 1379 1347 quod
1410 1305 1482 1346 po-

95 1357 229 1409 poscit
259 1356 475 1409 acceperit,
507 1354 578 1395 sed
611 1367 712 1408 quae
745 1354 864 1395 nobis
896 1356 1166 1395 amicitiarum
1198 1356 1288 1395 iura
1313 1355 1482 1394 minime

97 1428 333 1469 agnoscens.
385 1414 424 1456 2.
451 1415 558 1456 unde
586 1428 830 1468 quamquam
856 1415 1002 1456 absens
1028 1415 1144 1456 facile
1172 1416 1369 1469 coniecto,
1402 1427 1481 1468 quo

96 1481 265 1530 repente
299 1481 463 1529 stupore
497 1476 678 1530 ferietur,
710 1488 802 1516 cum
835 1477 985 1516 intuitu
1017 1477 1148 1516 nostri
1174 1475 1389 1528 dignanter
1414 1475 1482 1515 ad-

95 1538 248 1578 missus
285 1535 532 1577 intellexerit
570 1548 612 1576 se
651 1538 838 1589 paginam
875 1548 1009 1576 meam
1045 1537 1174 1588 magis
1207 1537 1335 1576 otiose
1367 1535 1479 1588 flagi·
1500 1550 1536 1576 20

99 1602 204 1638 tasse
238 1609 357 1650 quam
390 1597 563 1637 tradere.
625 1596 763 1636 videre
802 1596 902 1636 mihi
933 1597 1090 1651 videor,
1129 1601 1173 1636 ut
1210 1596 1368 1637 homini
1399 1609 1482 1636 non

96 1670 226 1711 usque
266 1658 315 1698 ad
347 1657 540 1715 invidiam
577 1657 782 1710 perfaceto
814 1669 914 1697 nova
948 1662 1068 1697 erunt
1101 1658 1253 1711 omnia,
1293 1669 1386 1697 cum
1419 1658 1480 1696 in-

94 1718 289 1760 vitabitur
313 1719 555 1772 peregrinus
582 1717 631 1758 ad
658 1717 907 1758 domicilium
934 1717 1118 1770 trepidus
1139 1717 1188 1757 ad
1209 1716 1481 1770 conloquium,

94 1781 275 1820 rusticus
320 1778 369 1819 ad
407 1778 600 1819 laetitiam
637 1791 793 1831 pauper
831 1778 880 1818 ad
918 1790 1119 1832 mensam,
1163 1783 1203 1818 et
1245 1790 1337 1818 cum
1376 1777 1481 1830 apud

95 1839 244 1880 crudos
283 1851 578 1893 caeparumque
618 1838 795 1892 crapulis
833 1838 1063 1879 esculentos
1100 1838 1166 1879 bic
1204 1843 1292 1891 agat
1323 1837 1479 1892 vulgus,
1499 1853 1535 1880 25

95 1899 179 1941 illic
212 1913 259 1941 ea
285 1901 473 1941 comitate
499 1899 798 1953 retractabitur,
830 1911 875 1940 ac
903 1901 938 1939 si
966 1901 1072 1939 inter
1097 1900 1260 1952 Apicios
1287 1898 1480 1951 epulones

96 1965 138 2001 et
168 1960 410 2014 Byzantinos
442 1960 771 2001 chironomuntas
801 1959 1011 2012 hucusque
1038 1961 1268 2000 ructaverit.
1315 1957 1354 1999 3.
1381 1964 1480 1999 atta-

95 2033 191 2062 men
225 2021 355 2074 qualis
388 2023 475 2074 ipse
510 2026 763 2074 quantusque
797 2025 870 2074 est,
901 2022 1139 2073 percopiose
1172 2032 1236 2060 me
1264 2019 1388 2059 officii
1414 2031 1479 2059 vo-

95 2082 168 2122 tivi
207 2086 434 2135 compotem
473 2081 579 2121 fecit.
644 2081 712 2121 sed
754 2093 995 2134 quamquam
1039 2080 1322 2121 huiuscemodi
1360 2092 1479 2133 saepe

99 2154 298 2195 personae
332 2141 599 2195 despicabiles
631 2142 758 2182 ferme
793 2147 898 2196 sunt,
930 2143 972 2181 in
1006 2141 1209 2181 sodalibus
1242 2146 1378 2181 tamen
1407 2153 1481 2194 per
1499 2156 1535 2182 30

192 2261 215 2294 8
240 2259 352 2296 inser.
379 2270 446 2295 (ηπ.
474 2258 509 2293 L
547 2260 559 2304 ΙΙ
597 2261 644 2293 25
669 2257 806 2303 vulgas
832 2258 868 2293 L
904 2262 937 2293 et
968 2266 1078 2294 (corr.
1106 2258 1148 2293 in
1178 2257 1317 2302 vulgus
1342 2257 1479 2303 NDN,

95 2306 227 2342 vulcas
253 2312 297 2344 ut
321 2307 397 2344 vid.
425 2307 489 2353 Vn
508 2310 555 2342 96
580 2305 854 2342 retractabitur
880 2305 1013 2341 LVM
1022 2306 1055 2342 T
1063 2306 1118 2351 0¹,
1145 2305 1378 2341 tractabitur
1404 2305 1450 2341 0²
1468 2308 1480 2353 j}

99 2358 144 2390 27
167 2355 476 2391 chironomontas
498 2355 650 2399 VMGfl
669 2359 714 2390 28
736 2366 786 2391 an
808 2353 932 2399 qualis
953 2353 1035 2399 ipse
1055 2354 1300 2403 <cumque>?
1318 2355 1331 2399 ΙΙ
1350 2357 1396 2390 30
1423 2353 1479 2388 di-

99 2402 307 2449 spicabiles
333 2403 451 2440 ferme
473 2405 561 2438 sunt
581 2403 668 2448 LT,
696 2402 951 2448 despicabiles
973 2404 1062 2438 sunt
1080 2401 1197 2439 ferme
1218 2401 1479 2450 (dispicabiles
