1592 2612
131 127 220 171 338
635 123 840 161 CARMEN
866 121 1001 158 XXIII.

347 227 567 281 Lenaeum,
601 226 808 280 Cererem,
839 224 992 277 Palem,
1023 223 1246 276 Minervam

350 290 489 342 spicis,
521 287 702 341 palmite,
733 287 913 340 pascuis,
944 286 1127 338 trapetis.

349 348 444 389 solis
477 349 549 388 fise
580 349 677 387 viris
710 360 784 387 nec
817 346 994 399 expetito

348 414 513 449 naturae
546 407 693 448 auxilio
725 406 867 461 procul
899 405 1054 446 relictis

277 478 321 511 50
348 481 537 522 promens
569 468 774 508 montibus
807 467 926 508 altius
959 478 1170 519 cacumen,

348 542 429 570 non
461 534 500 569 te
534 530 640 569 fossa
671 534 813 582 patens
846 540 921 568 nec
952 526 1204 580 hispidarum

349 590 509 630 obiectu
541 589 702 630 sudium
734 593 900 630 coronat
932 600 1070 642 agger3

346 663 427 690 non
459 655 504 690 tu
529 662 750 704 marmora,
782 649 981 690 bratteam
1012 649 1265 703 vitrumque,

345 723 427 751 non
457 711 674 751 testudinis
705 710 865 750 Indicae
898 711 1090 764 nitorem,

273 780 317 812 55
344 784 425 812 non
457 773 491 811 si
524 784 622 824 quas
655 771 791 811 eboris
822 770 958 811 trabes
990 770 1176 810 refractis

344 834 487 872 rostris
520 832 749 872 Marmarici
781 831 929 872 dedere
960 830 1089 884 barri,

345 893 434 945 figis
468 892 680 933 moenibus
713 904 936 946 aureasque
969 896 1106 944 portas

345 966 515 993 exornas
548 955 757 993 asaroticis
790 952 956 1007 lapillis3

347 1013 416 1053 sed
449 1026 522 1066 per
555 1015 768 1054 semirutas
802 1012 1001 1066 superbus
1034 1024 1168 1067 arces,

274 1082 318 1116 60
346 1074 562 1114 ostendens
593 1076 741 1114 veteris
774 1074 898 1114 decus
931 1072 1073 1127 duelli,

347 1141 554 1187 quassatos
586 1137 694 1188 geris
727 1134 876 1175 ictibus
909 1133 1101 1187 molares,

345 1194 553 1235 laudandis
585 1197 801 1248 pretiosior
833 1197 975 1235 ruinis.

346 1256 426 1295 sint
456 1255 579 1295 urbes
611 1256 710 1296 aliae
743 1257 825 1296 situ
857 1257 1055 1309 minaces,

345 1328 443 1368 quas
476 1318 582 1356 vires
614 1316 788 1357 humiles
819 1329 893 1370 per
925 1315 1002 1356 alta
1035 1315 1233 1370 condunt,

274 1385 318 1417 65
347 1381 387 1415 et
418 1389 490 1428 per
521 1379 764 1430 praecipites
797 1377 925 1418 locata
958 1378 1102 1417 cristas

346 1448 566 1489 numquam
597 1440 755 1478 moenia
789 1450 906 1478 caesa
938 1437 1181 1490 glorientur:

347 1502 391 1536 tu
423 1497 578 1550 pulsate
610 1498 743 1551 places
777 1499 978 1551 fidemque
1011 1497 1157 1537 fortem

345 1560 587 1610 oppugnatio
620 1572 736 1611 passa
769 1559 1000 1612 publicavit.

407 1617 510 1658 Hinc
541 1623 581 1659 te
612 1619 780 1659 Martius
812 1619 879 1659 ille
913 1623 1048 1660 rector
1080 1623 1200 1671 atque

275 1686 319 1719 70
346 1690 489 1730 magno
522 1685 634 1731 patre
666 1682 800 1734 prior,
830 1681 953 1720 decus
986 1678 1198 1733 Getarum,

347 1738 547 1779 Romanae
581 1740 766 1780 columen
800 1740 988 1793 salusque
1021 1741 1171 1793 gentis,

345 1798 624 1840 Theudoricus
657 1805 763 1841 amat
795 1801 953 1854 sibique
986 1800 1110 1841 fidum

346 1858 536 1899 adversos
568 1860 711 1912 probat
743 1866 834 1901 ante
866 1874 940 1915 per
971 1860 1183 1901 tumultus.

348 1919 419 1958 sed
453 1932 533 1959 non
565 1921 659 1961 hinc
691 1922 852 1962 videare
886 1922 989 1962 sorte
1021 1922 1171 1974 turpis,

281 1987 324 2019 75
353 1979 459 2031 quod
491 1985 531 2020 te
563 1982 745 2022 machina
778 1982 920 2022 crebra
951 1982 1188 2035 perforavit3

343 2051 515 2092 namque
548 2042 588 2080 in
623 2054 790 2094 corpore
823 2043 988 2082 sortium
1021 2044 1200 2082 virorum

343 2099 429 2139 laus
463 2105 524 2140 est
556 2101 725 2154 amplior
758 2102 928 2155 amplior
960 2104 1138 2143 cicatrix.

345 2161 385 2199 in
420 2162 563 2201 castris
595 2161 856 2203 Marathoniis
889 2170 1113 2203 merentem

343 2219 488 2260 vulnus
521 2234 600 2261 non
634 2222 823 2263 habuisse
857 2223 1006 2275 grande
1039 2222 1235 2277 probrum
1269 2226 1348 2276 θεῖς

222 2363 268 2396 46
294 2359 386 2406 pala
410 2360 481 2414 Β,
507 2361 647 2406 pal-aen
670 2361 742 2408 Pb⁷
770 2363 884 2409 palen
906 2363 944 2410 0,
971 2363 1085 2410 palea
1106 2364 1141 2400 T
1157 2365 1169 2411 ΙΙ
1191 2366 1234 2400 72
1263 2360 1515 2399 theodoricus

122 2408 218 2455 PF,
244 2408 488 2445 theodencus
517 2409 587 2446 OT
603 2411 615 2456 ΙΙ
