1592 2612
121 125 354 181 SIDONIUS
378 141 577 180 Domo
602 141 764 179 PAPAE
791 141 1030 188 PATIENTI
1056 141 1299 179 SALUTEM.
1354 142 1439 185 137

50 245 287 286 desinenter
310 256 451 297 regem
475 249 734 298 praesentem
757 243 928 298 prandia
952 248 1036 298 tua,
1066 245 1249 297 reginam
1275 243 1441 285 laudare

47 307 213 347 ieiunia.
258 306 400 346 omitto
432 309 544 345 tanto
575 309 616 345 te
643 304 755 346 cultu
780 301 996 345 ec‘clesiam
1020 303 1098 345 tibi
1123 304 1320 345 creditam
1346 318 1442 346 con-

50 370 280 421 venustare,
311 368 372 407 ut'
389 365 547 406 dubitet
578 367 799 420 inspector,
830 365 1029 406 meliusne
1062 377 1165 406 nova
1190 378 1314 419 opera
1346 378 1441 407 con-

51 432 219 481 surgant
251 439 303 467 an
332 430 491 467 vetusta
522 431 777 479 reparentur.
821 425 863 468 4.
897 428 1039 466 omitto
1071 438 1147 479 per
1177 431 1218 466 te
1249 426 1440 479 plurimis

48 487 150 529 locis
180 487 441 528 basilicarum
466 487 727 527 fundamenta
753 499 1013 542 consurgere,
1046 491 1283 528 ornamenta
1309 487 1440 541 dupli-

49 550 152 603 cari3
202 560 376 602 cumque
420 547 547 588 multa
590 549 633 587 in
679 553 786 588 statu
830 547 925 588 fidei
969 549 1052 588 tuis
1103 547 1440 601 dispositionibus

50 613 292 664 augeantur,
336 608 469 649 solum
511 608 811 649 haereticorum
855 621 1073 649 numerum
1116 610 1269 663 minui,
1318 613 1441 662 teque

49 669 225 724 quodam
249 674 398 710 venatu
422 668 644 723 apostolico
670 669 777 710 feras
803 669 1109 710 Fotinianorum
1134 674 1294 710 mentes
1322 671 1441 723 spiri-

47 729 191 771 talium
215 730 566 784 praedicationum
592 729 776 770 cassibus
802 730 1024 785 implicare,
1057 735 1178 783 atque
1205 743 1228 771 a
1252 735 1323 771 tuo
1349 730 1441 771 bar-

47 790 170 832 baros
196 792 277 832 iam
298 803 505 845 sequaces,
531 792 719 843 quotiens
746 792 1044 831 convincuntur
1061 791 1199 844 verbo,
1224 804 1307 831 non
1328 793 1439 832 exire

49 853 235 906 vestigio,
267 851 396 892 donec
429 864 499 891 eos
531 863 554 891 a
585 851 786 904 profundo
813 853 972 904 gurgite
999 853 1152 892 erroris
1178 851 1441 892 felicissimus

51 914 278 953 animarum
309 914 489 966 piscator
521 914 757 952 extraxeris.
814 910 855 953 5.
889 917 930 953 et
960 912 1107 952 horum
1139 912 1274 965 aliqua
1304 917 1441 953 tamen

50 985 144 1014 cum
176 972 346 1026 reliquis
378 973 550 1013 forsitan
582 973 917 1013 communicanda
950 972 1134 1027 collegis;
1173 972 1273 1014 illud
1306 978 1440 1014 autem

51 1033 193 1074 deberi
217 1033 295 1074 tibi
321 1033 508 1087 quodam,
533 1037 579 1073 ut
603 1033 883 1074 iurisconsulti
908 1034 1062 1088 dicunt,
1086 1035 1299 1087 praecipui
1322 1033 1440 1074 titulo

50 1106 126 1135 nec
164 1099 259 1135 tuus
297 1096 449 1147 poterit
485 1096 547 1134 ire
584 1094 717 1147 pudor
754 1095 922 1148 infitias,
958 1094 1065 1147 quod
1103 1099 1197 1147 post
1229 1094 1441 1135 Gothicam

49 1154 418 1209 depopulationem,
449 1159 543 1208 post
574 1160 733 1208 segetes
765 1155 954 1195 incendio
981 1155 1215 1208 absumptas
1246 1155 1445 1208 peculiari

52 1220 217 1269 sumptu
260 1217 420 1269 inopiae
466 1217 672 1256 communi
714 1228 789 1268 per
833 1215 1033 1256 desolatas
1078 1215 1225 1256 Gallias
1270 1218 1443 1269 gratuita

50 1276 254 1317 frumenta
284 1277 447 1331 misisti,
479 1289 572 1317 cum
603 1276 907 1317 tabescentibus
940 1277 1045 1316 same
1077 1276 1239 1330 populis
1271 1278 1444 1317 nimium

51 1336 308 1392 contulisses,
340 1339 376 1377 si
401 1339 647 1377 commercio
679 1337 825 1378 fuisset
851 1338 1008 1390 species
1037 1338 1128 1391 ista,
1160 1350 1241 1378 non
1267 1339 1442 1378 muneri.

51 1397 227 1438 vidimus
265 1402 455 1451 angustas
492 1399 574 1438 tuis
612 1397 798 1450 frugibus
839 1399 942 1452 vias3
980 1398 1156 1438 vidimus
1193 1411 1267 1451 per
1304 1399 1442 1438 Araris

53 1464 94 1498 et
126 1457 312 1498 Rhodani
342 1460 453 1511 ripas
484 1471 567 1498 non
598 1470 744 1512 unum,
777 1459 885 1511 quod
916 1471 1023 1498 unus
1054 1458 1315 1513 impleveras,
1347 1459 1441 1498 hor-

53 1531 181 1559 reum.
221 1517 260 1559 6.
288 1517 515 1559 fabularum
541 1518 686 1558 cedant
711 1520 902 1571 figmenta
929 1518 1141 1571 gentilium
1168 1524 1208 1559 et
1233 1519 1301 1559 ille
1327 1521 1443 1572 quasi

53 1580 98 1619 in
136 1578 293 1619 caelum
330 1578 482 1619 relatus
523 1591 597 1631 pro
636 1584 798 1632 reperta
837 1581 1040 1632 spicarum
1073 1581 1249 1619 novitate
1282 1580 1443 1633 Tripto-

53 1639 203 1693 lemus,
248 1652 370 1692 quem
408 1638 575 1679 Graecia
621 1651 692 1679 sua
731 1640 1014 1679 caementariis
1055 1639 1280 1692 pictoribus
1319 1641 1443 1693 signi-

53 1700 199 1741 ficibus
238 1699 410 1740 illustris
448 1701 620 1740 sacravit
657 1699 819 1752 templis
857 1700 1044 1739 formavit
1075 1702 1219 1740 statuis
1253 1700 1444 1753 effigiavit
1482 1715 1499 1741 5

55 1760 312 1814 imaginibus.
369 1760 484 1801 illum
516 1759 637 1800 dubia
669 1761 772 1800 fama
806 1762 1022 1801 concinnat
1052 1773 1126 1813 per
1158 1760 1281 1800 rudes
1314 1761 1444 1802 adhuc

55 1826 96 1862 et
132 1821 415 1874 Dodonigenas
459 1820 630 1874 populos
676 1821 831 1861 duabus
875 1833 1019 1874 vagum
1063 1820 1251 1876 navibUS,
1296 1821 1443 1874 quibus

54 1887 198 1935 poetae
231 1882 424 1935 deinceps
456 1882 627 1922 formam
659 1881 881 1922 draconum
914 1882 1226 1936 deputaverunt,
1265 1883 1444 1934 ignotam

56 1942 356 1983 circumtulisse
389 1948 625 1982 sementem.
688 1947 751 1996 tu,
788 1947 835 1982 ut
872 1942 921 1982 de
961 1942 1258 1982 mediterranea
1290 1947 1444 1982 taceam

55 2002 260 2058 largitate,
309 2004 460 2043 victum
510 2002 741 2043 civitatibus
786 2003 985 2056 Tyrrheni
1034 2004 1159 2043 maris
1204 2007 1444 2055 erogaturus

57 2065 255 2116 granariis
286 2065 368 2104 tuis
401 2063 480 2104 duo
512 2065 649 2116 potius
681 2063 847 2104 flumina
881 2076 1002 2116 quam
1034 2064 1113 2104 duo
1146 2065 1303 2116 navigia
1336 2075 1444 2103 com-

56 2123 189 2177 plesti.
255 2123 292 2166 7.
333 2124 403 2164 sed
443 2125 478 2165 si
522 2124 625 2164 rorte
663 2124 849 2164 Achaicis
888 2123 1103 2164 Eleusinae
1143 2125 1445 2176 superstitionis

159 2245 202 2277 13
228 2240 359 2276 forsan
388 2240 459 2276 GP
493 2242 505 2284 ΙΙ
545 2243 590 2275 14
615 2240 814 2286 praecipui
844 2240 886 2286 0,
922 2239 1131 2286 praecipuo
1164 2242 1200 2286 (o
1233 2252 1326 2277 corr.
1354 2252 1400 2277 ex
1431 2241 1445 2276 i

59 2288 283 2336 M¹)MPF
305 2292 316 2335 ΙΙ
344 2292 389 2324 15
414 2288 455 2323 in
481 2288 535 2335 (in
560 2300 587 2325 s.
617 2289 640 2325 l.
668 2290 754 2325 add.
781 2289 860 2333 Ml)
887 2288 1036 2324 inficias
1062 2288 1233 2324 MOPF
1256 2290 1269 2334 Η
1298 2292 1341 2325 18
1367 2289 1444 2324 fru-

58 2339 191 2373 menta
209 2349 276 2374 om.
302 2338 374 2374 GP
389 2338 401 2381 ΙΙ
421 2341 466 2372 19
487 2336 636 2372 muneri
656 2338 908 2383 Luetjohawn,
927 2348 1084 2372 munere
1104 2337 1207 2374 codd.
1228 2339 1241 2384 ΙΙ
1261 2341 1307 2373 24
1326 2337 1444 2383 signi-

59 2385 270 2431 ficibusque
301 2386 421 2422 C'PF
455 2388 467 2430 ΙΙ
505 2388 550 2420 26
577 2385 782 2421 concinnat
807 2386 1066 2431 Luetjohann,
1103 2385 1285 2421 conciliat
1311 2386 1444 2432 MOP,

60 2433 242 2470 conciliet
269 2434 326 2481 F,·
352 2446 404 2471 a‘n
429 2432 618 2470 cantitat?
638 2437 649 2480 1}
671 2438 715 2469 29
743 2433 950 2470 contulisse
981 2431 1012 2470 C
1026 2435 1038 2479 ll

1461 804 1497 830 10

1462 1106 1496 1133 15

1463 1411 1498 1437 20

1464 2018 1500 2044 30
