1592 2612
138 111 195 155 66
623 107 770 144 LIBER
794 107 1016 144 TERTHJS.

136 213 312 253 inferias.
363 212 436 252 tibi
468 223 625 264 quoque
652 222 733 250 non
759 210 874 249 decet
898 209 1058 249 tardum
1084 207 1225 262 videri,
1258 206 1365 260 quod
1389 206 1511 247 heres

135 275 280 314 tertius
325 277 568 326 quartusque
615 270 898 324 dependimus,
943 282 1034 310 cum
1078 273 1136 309 tot
1176 279 1374 309 annorum
1411 279 1510 321 gyro

135 333 268 374 voluto
307 345 493 385 magnum
531 331 800 371 Alexandrum
844 335 1077 383 parentasse
1119 328 1307 369 manibus
1344 327 1512 368 Achillis

136 399 175 434 et
213 393 355 434 Iulium
388 392 598 434 Caesarem
635 391 800 432 Hectori
838 396 883 431 ut
915 404 986 431 suo
1019 392 1123 431 iusta
1158 389 1325 429 solvisse
1357 388 1510 430 didice-

98 473 116 500 5
135 455 271 495 rimus
322 453 417 493 vale.

756 569 876 612 XIII.

348 652 572 689 SIDONIUS
598 652 900 689 APOLLINARI
925 651 1018 688 SUO
1046 627 1287 688 SALU7PEM.

223 729 259 771 1.
292 731 416 772 Unice
448 730 574 783 probo
602 730 754 782 gaudeo
782 730 970 783 admiror,
1003 729 1109 782 quod
1137 730 1334 769 castitatis
1361 728 1508 769 affectu

130 792 390 832 contubernia
433 791 537 843 fugis
576 790 889 844 impudicorum,
934 791 1175 843 praesertim
1221 788 1368 843 quibus
1406 788 1508 829 nihil

129 854 262 907 pensi,
300 852 399 892 nihil
438 852 567 891 sancti
599 856 661 891 est
692 852 735 891 in
767 851 1003 904 appetendis
1036 850 1345 903 garriendisque
1377 851 1508 903 turpi-

76 931 112 957 10
129 913 336 953 tudinibus
370 914 532 966 quique,
565 912 671 964 quod
703 911 837 951 verbis
871 911 1157 951 inverecundis
1185 912 1345 951 aurium
1376 909 1509 964 publi-

130 985 266 1013 carum
298 974 564 1013 reverentiam
596 973 807 1025 incestant,
840 971 1046 1024 granditer
1079 970 1157 1010 sihi
1182 971 1371 1011 videntur
1402 971 1508 1012 face-

128 1035 231 1073 tiari.
294 1034 409 1073 cuius
452 1032 616 1072 vilitatis
658 1044 746 1072 esse
787 1033 1023 1084 signiferum
1063 1030 1315 1071 Gnathonem
1352 1033 1507 1084 patriae

102 1093 288 1133 ‘nostrae
327 1092 389 1133 vel
420 1104 650 1133 maxumum
689 1092 888 1145 intellege.
953 1090 991 1131 2.
1026 1096 1088 1131 est
1120 1093 1230 1132 enim
1260 1092 1327 1132 hic
1359 1104 1509 1145 gurges

131 1153 179 1193 de
213 1153 417 1193 sutoribus
450 1152 691 1206 fabularum,
725 1152 773 1192 de
807 1151 1161 1192 concinnatoribus
1192 1153 1426 1206 criminum,
1459 1152 1510 1192 de

78 1230 112 1257 15
133 1215 387 1254 sinistrarum
408 1214 642 1266 opinionum
669 1212 998 1266 duplicatoribus,
1024 1212 1168 1265 loquax
1189 1214 1276 1266 ipse
1297 1225 1371 1253 nec
1392 1213 1509 1253 dicax

135 1274 410 1326 ridiculusque
448 1286 523 1313 nec
561 1273 688 1313 laetus
727 1285 998 1326 arrogansque
1036 1285 1111 1313 nec
1150 1278 1339 1313 constans
1379 1274 1510 1313 curio-

134 1346 283 1387 susque
328 1346 403 1374 nec
447 1335 658 1386 perspicax
703 1338 821 1386 atque
867 1333 1102 1373 indecenter
1146 1334 1328 1374 affectato
1373 1333 1511 1387 lepore

130 1394 220 1447 plus
240 1396 434 1448 rusticus3
460 1399 641 1446 tempora
661 1395 889 1446 praesentia
910 1393 1058 1448 colens,
1084 1396 1303 1446 praeterita
1324 1406 1509 1448 carpens,

131 1454 265 1495 futura
303 1454 529 1508 fastidiens3
573 1454 778 1508 beneficii,
818 1456 853 1494 si
891 1459 1107 1507 rogaturus
1146 1459 1224 1509 est,
1263 1456 1508 1508 inportunus

74 1532 110 1558 20
129 1515 294 1568 petendi
326 1515 538 1567 derogator
569 1516 714 1568 negati,
746 1514 966 1555 aemulator
998 1517 1152 1567 accepti
1185 1515 1353 1556 callidus
1379 1515 1506 1556 refor-

129 1576 275 1629 mandi,
308 1575 500 1628 querulus
526 1574 693 1627 flagitati
720 1575 904 1627 garrulus
931 1577 1127 1630 restituti,
1161 1580 1200 1616 at
1227 1577 1262 1616 si
1288 1576 1508 1629 rogandus,

129 1635 337 1676 simulator
361 1637 491 1688 parati
510 1635 783 1675 dissimulator
809 1637 937 1689 petiti,
963 1636 1149 1676 venditor
1167 1638 1355 1689 praestiti
1373 1636 1506 1689 publi-

129 1701 238 1736 cator
271 1695 428 1750 occulti,
461 1695 724 1736 calumniator
755 1698 901 1736 morati
933 1697 1126 1736 infitiator
1159 1696 1297 1751 soluti,
1337 1695 1376 1738 3.
1411 1709 1508 1737 osor

130 1757 391 1810 ieiuniorum,
431 1761 604 1796 sectator
643 1756 869 1811 epularum,
907 1756 1149 1796 laudabilem
1180 1758 1391 1810 proferens
1423 1769 1504 1798 non

75 1831 111 1858 25
131 1816 179 1856 de
217 1816 319 1857 bene
357 1818 512 1856 vivente
547 1816 616 1856 sed
657 1817 705 1856 de
737 1816 839 1856 bene
878 1822 1067 1869 pascente
1101 1819 1360 1872 sententiam3
1399 1819 1509 1858 inter

129 1877 226 1917 haec
253 1882 386 1917 tamen
413 1879 498 1929 ipse
526 1878 784 1916 avarissimus
811 1889 1010 1930 quemque
1037 1890 1118 1917 non
1138 1880 1267 1930 pascit
1286 1883 1368 1919 tam
1387 1879 1505 1931 panis

128 1936 258 1977 bonus
291 1950 409 1989 quam
441 1938 556 1989 panis
589 1937 760 1990 alienus,
792 1937 868 1976 hoc
902 1937 1030 1977 solum
1063 1939 1278 1979 comedens
1311 1939 1438 1994 domi,
1471 1940 1505 1978 si

131 1997 225 2049 quid
259 2010 280 2037 e
313 1999 437 2050 raptis
470 1999 576 2036 inter
608 1997 810 2049 alaparum
843 1997 1039 2049 procellas
1071 2001 1280 2051 praemisit
1312 1999 1503 2039 obsoniis

130 2057 199 2096 sed
238 2070 311 2097 nec
351 2063 412 2097 est
451 2070 545 2097 sane
578 2057 859 2110 praedicabilis
890 2059 968 2097 viri
1000 2060 1041 2098 in
1072 2064 1201 2099 totum
1235 2059 1389 2100 silenda
1420 2060 1506 2100 fru-

76 2132 113 2158 30
133 2117 289 2169 galitas:
316 2119 480 2172 ieiunat,
507 2119 692 2170 quotiens
718 2130 799 2157 non
824 2123 1005 2173 vocatur3
1034 2119 1102 2158 sed
1131 2121 1188 2159 sic
1222 2132 1381 2173 quoque
1407 2119 1505 2160 levi-

126 2183 209 2216 tate
235 2179 460 2231 parasitica,
494 2179 528 2217 si
554 2179 756 2231 invitetur,
783 2191 997 2233 excusans,
1025 2181 1059 2219 si
1084 2181 1245 2234 vitetur,
1272 2180 1503 2234 explorans,

226 2297 243 2327 1
273 2292 387 2328 debet
414 2294 447 2329 T
463 2296 475 2339 ΙΙ
496 2298 515 2329 6
543 2295 652 2330 inser.
680 2305 747 2330 om.
774 2293 810 2328 L
832 2296 837 2338 1
855 2299 941 2340 post
965 2295 1182 2341 Apollinari
1209 2297 1272 2343 ley.
1300 2295 1378 2332 filio
1406 2297 1448 2332 in
1468 2296 1504 2331 T

113 2341 536 2436 ἕοῖἶηιῖιηῃνθῃᾶῆειῒοῑῗ
557 2345 568 2389 ΙῙ
588 2344 633 2377 ⁶28
653 2341 867 2389 praemisit]
888 2354 935 2379 sc.
958 2344 1103 2380 domum
1123 2346 1134 2391 ΙΙ
1154 2347 1200 2379 29
1228 2344 1367 2380 silendi
1386 2345 1500 2381 Luct-
