1592 2612
132 116 222 159 324
658 113 866 152 CARMEN
890 112 989 150 xvi.

254 219 402 270 quique
436 218 556 257 etiam
588 217 716 256 iustos
749 215 797 256 ad
830 220 990 268 tempus
1023 226 1190 268 surgere
1222 218 1359 255 tecum

181 279 409 320 65-iassisti
441 279 615 330 cineres,
648 289 738 316 cum
771 277 889 316 tectis
921 277 1104 328 tempere
1137 274 1256 328 longo

255 340 402 391 irrupit
432 338 576 378 festina
609 337 716 377 salus
747 337 962 389 infusaque
995 337 1142 389 raptim

255 400 432 439 excussit
463 397 629 438 tumulis
662 397 851 438 solidatas
884 398 965 437 vita
996 395 1167 436 favillas:

253 459 302 498 da
332 458 522 499 Faustum
553 458 714 498 laudare
746 462 878 511 tuum,
911 457 961 498 da
993 457 1148 498 solvere
1181 461 1333 511 grates,

254 532 352 572 quas
383 524 423 559 et
453 523 544 572 post
576 518 724 558 debere
756 519 876 558 iuvat.
933 522 990 569 te,
1017 530 1160 571 magne
1194 516 1402 571 sacerdos,

184 588 227 620 70
253 580 434 620 barbitus
466 580 531 619 hic
564 584 702 619 noster
733 578 887 631 plectro
920 578 1014 619 licet
1046 580 1199 632 impare
1233 582 1378 618 cantat.

314 640 419 680 Haec
453 641 577 692 igitur
607 641 736 692 prima
769 644 832 679 est
863 639 925 679 vel
958 652 1076 680 causa
1109 638 1174 679 vel
1205 639 1310 678 actio
1337 637 1516 692 laudum,

256 701 361 754 quod
393 701 494 740 mihi
527 701 729 754 germani,
761 700 857 740 dum
889 700 1044 740 lubrica
1075 699 1249 740 volvitur
1280 704 1407 753 aetas,

256 767 440 802 servatus
471 766 607 801 tecum
639 760 792 800 domini
822 773 896 813 per
928 760 1032 801 dona
1062 759 1258 814 probatur

257 835 331 862 nec
364 822 466 862 fama
499 821 700 862 titubante
732 821 880 875 pudor3
913 826 952 861 te
985 822 1154 874 respicit
1185 820 1293 861 istud

186 889 230 922 75
259 887 627 935 quantumcumque
659 881 828 936 bonum3
861 894 1018 922 merces
1051 881 1264 922 debebitur
1295 879 1374 935 illi,

259 943 325 983 ille
358 943 443 983 tibi.
506 944 560 982 sit
591 942 696 996 laus,
730 944 765 982 si
796 942 877 982 labi
908 942 1056 997 noluit,
1089 944 1198 996 eius;

260 1016 352 1044 nam
385 1003 491 1056 quod
524 1016 600 1043 nec
631 1004 780 1057 potuit,
812 1008 941 1043 totum
974 1003 1023 1044 ad
1054 1008 1094 1043 te
1126 1004 1216 1043 iure
1248 1001 1458 1042 redundat.

260 1068 471 1117 praeterea
505 1063 611 1116 quod
643 1076 708 1103 me
740 1064 899 1116 pridem
932 1064 1053 1104 Reios
1085 1065 1290 1117 veniente,

263 1137 354 1164 cum
385 1124 565 1177 Procyon
598 1124 768 1178 fureret,
801 1137 891 1164 cum
929 1124 1025 1164 solis
1057 1124 1237 1164 torridus
1269 1124 1375 1176 ignis

190 1191 235 1224 80
263 1184 463 1225 flexilibus
495 1186 611 1224 rimis
645 1186 828 1225 sitientes
862 1184 1060 1225 scriberet
1091 1197 1207 1237 agros
1217 1216 1230 1239 7

260 1245 419 1298 hospite
450 1250 490 1284 te
523 1250 683 1293 nostros
716 1247 874 1299 excepit
904 1247 1090 1299 protinus
1124 1249 1259 1285 aestus

259 1318 357 1359 pax,
389 1306 549 1359 domus,
582 1305 736 1360 umbra,
768 1306 886 1360 latex,
917 1306 1161 1360 benedictio,
1192 1317 1344 1359 mensa,
1377 1304 1520 1346 cubile.

260 1365 445 1406 omnibus
478 1371 653 1406 attamen
685 1367 748 1406 his
782 1371 844 1406 sat
875 1371 1071 1421 praestat,
1104 1366 1211 1419 quod
1243 1365 1424 1420 voluisti,

259 1431 304 1466 ut
338 1431 498 1466 sanctae
530 1428 671 1466 matris
704 1433 888 1467 sanctum
921 1440 1080 1480 quoque
1113 1427 1237 1467 limen
1269 1426 1435 1467 adirem.

188 1493 232 1525 85
261 1487 426 1540 dirigui,
459 1488 605 1539 fateor,
637 1488 737 1527 mihi
769 1489 957 1528 conscius
991 1493 1109 1541 atque
1141 1493 1309 1541 repente

259 1548 379 1587 tinxit
411 1547 645 1588 adorantem
677 1548 820 1600 pavido
854 1550 1081 1589 reverentia
1112 1547 1283 1602 vultum3

259 1620 334 1647 nec
367 1620 483 1647 secus
516 1609 726 1662 intremui,
760 1621 880 1661 quam
913 1611 949 1648 si
981 1622 1045 1649 me
1078 1609 1182 1649 forte
1214 1607 1420 1648 Rebeccae

259 1668 381 1707 lsrael
413 1673 481 1708 aut
513 1668 675 1708 Samuel
707 1671 878 1709 crinitus
911 1670 1078 1710 duceret
1110 1670 1258 1709 Annae.

261 1733 504 1780 quapropter
535 1734 574 1768 te
607 1729 670 1768 vel
701 1731 804 1769 votis
840 1731 926 1770 sine
960 1731 1039 1770 fine
1073 1730 1252 1770 colentes

188 1793 234 1825 90
261 1789 446 1828 affectum
479 1802 666 1841 magnum
699 1803 772 1842 per
807 1793 985 1831 carmina
1017 1803 1138 1843 parva
1171 1790 1354 1830 fatemur.

321 1848 401 1888 Seu
432 1854 472 1888 te
504 1849 727 1889 flammatae
761 1850 899 1902 Syrtes
932 1856 972 1891 ct
1003 1851 1205 1904 inhospita
1236 1856 1379 1903 tesqua

261 1921 332 1948 seu
365 1921 486 1948 caeno
519 1910 716 1949 viridante
749 1910 863 1963 palus
897 1924 968 1951 seu
1000 1914 1115 1964 nigra
1147 1923 1312 1951 recessu

260 1968 455 2008 incultum
488 1982 600 2021 mage
634 1983 727 2009 saxa
759 1976 916 2022 tenent,
949 1972 1020 2012 ubi
1052 1971 1136 2012 sole
1169 1975 1324 2012 remoto

260 2041 431 2069 concava
463 2029 674 2082 longaevas
706 2038 912 2071 asservant
944 2038 1059 2072 antra
1090 2032 1300 2086 tenebra53

191 2097 235 2129 95
264 2101 336 2128 seu
368 2094 408 2128 te
440 2092 670 2142 praeruptis
702 2097 887 2142 porrecta
920 2094 962 2132 in
996 2093 1166 2146 rupibus
1193 2092 1304 2145 Alpis

264 2151 491 2189 succinctos
527 2150 657 2202 gelido
691 2149 881 2191 libantem
915 2155 1091 2206 caespite
1125 2165 1306 2206 somnOS,

271 2209 531 2264 anachoreta,
564 2212 703 2250 tremit
742 2207 862 2266 (quae
897 2226 1137 2266 quamquam
1170 2214 1319 2266 frigora
1350 2216 1496 2267 portet,

239 2303 283 2336 78
309 2300 487 2337 veniente
513 2303 646 2350 vulyoe
670 2302 888 2339 venientem
916 2306 1018 2341 codd.
1040 2307 1052 2352 ΙΙ
1071 2308 1117 2342 83
1144 2306 1191 2350 cf.
1222 2305 1401 2353 prrian.
1424 2303 1525 2341 Gall.

136 2359 179 2394 p.
200 2350 289 2394 211,
309 2352 360 2385 12
383 2350 552 2396 (Peiper)
571 2353 583 2397 ΙΙ
603 2355 647 2386 85
670 2350 819 2397 derigui
839 2351 1101 2400 Luetjohatnm
1126 2355 1173 2399 cf.
1189 2354 1290 2390 Avit.
1311 2364 1341 2390 c.
1355 2353 1416 2399 II,
1434 2355 1526 2398 3903

142 2397 280 2434 Pacati
300 2409 393 2444 pan.
416 2401 464 2435 19
483 2400 495 2444 ΙΙ
515 2402 560 2434 93
586 2398 732 2435 inculto
759 2400 964 2437 Mommsen
982 2404 994 2448 ΙΙ
1015 2406 1060 2438 95
1086 2403 1285 2449 porrectae
1314 2401 1412 2449 ΟΤΙΙ
