1592 2612
554 553 976 602 PRAEFATIO.

749 671 783 715 Ι.

167 760 325 801 Sidonii
356 760 535 814 codices,
568 762 638 813 qui
670 764 832 813 praeter
859 759 1052 812 quasdam
1078 758 1242 799 lacunas
1275 760 1455 798 omnium

72 816 362 876 communes*)
389 825 459 861 aut
483 822 647 860 omnino
674 825 743 860 aut
767 832 911 872 magna
947 832 996 859 ex
1021 823 1134 872 parte
1160 820 1310 888 integri
1342 831 1454 859 sexa-

72 883 183 935 ginta
207 882 293 922 fere
320 881 468 921 servati
493 885 588 920 sunt
614 875 831 935 (accedunt
856 879 946 933 plus
978 881 1139 933 viginti,
1171 880 1242 932 qui
1274 878 1453 931 singulas

71 947 229 982 tantum
274 945 342 981 aut
385 953 533 993 paucas
577 940 770 994 epistulas
809 940 871 980 vel
912 941 1090 980 carmina
1135 941 1219 979 sive
1263 944 1453 992 excerpta

71 997 303 1058 exhibent),
351 1000 444 1042 Chr.
487 1000 809 1055 Luetjobannus‚
851 1013 943 1041 cum
981 1001 1226 1053 scriptorum
1268 999 1453 1040 ordinem

72 1067 142 1103 aut
171 1061 556 1115 transpositionibus
594 1066 792 1106 mutatum
831 1066 899 1101 aut
936 1063 1058 1101 etiam
1088 1060 1243 1100 lacunis
1274 1060 1454 1100 hiantem

71 1127 285 1184 spectaret,
304 1124 347 1162 in
367 1126 557 1174 quattuor
583 1121 753 1162 familias
775 1122 922 1175 divisit,
948 1134 969 1162 e
991 1120 1137 1174 quibus
1165 1121 1214 1160 ad
1234 1120 1454 1161 editionem

72 1195 187 1224 suam
219 1184 330 1223 omni
355 1181 471 1222 laude
504 1182 783 1235 dignissimam
808 1182 1081 1222 adornandam
1112 1181 1187 1221 hos
1214 1193 1284 1221 sex
1311 1181 1451 1233 elegit:

70 1256 120 1284 ex
151 1244 282 1296 prima
313 1242 481 1297 familia,
514 1255 593 1295 qua
624 1245 758 1283 omnia
791 1244 940 1295 scripta
973 1242 1115 1282 eodem
1142 1254 1221 1294 quo
1247 1243 1290 1281 in
1316 1254 1450 1281 exem-

67 1302 251 1357 plaribus
287 1302 457 1356 vulgatis
495 1303 635 1344 ordine
675 1303 870 1356 disposita
912 1304 1188 1355 continentur,
1230 1303 1310 1342 nisi
1343 1302 1450 1355 quod

68 1376 132 1417 ep.
151 1363 176 1404 l.
196 1363 265 1404 Vll
289 1362 316 1405 6
344 1368 384 1403 et
412 1362 435 1404 7
463 1368 555 1416 post
580 1376 726 1404 nonam
752 1363 954 1417 leguntur,
980 1363 1066 1403 cod.
1095 1363 1450 1403 Matritensem

67 1423 125 1464 Ee
148 1421 235 1465 102
261 1437 292 1464 s.
312 1423 463 1464 x—xl
495 1425 579 1474 (C),
612 1426 679 1464 cui
710 1424 842 1464 affinis
874 1429 937 1464 est
969 1423 1055 1463 cod.
1086 1423 1300 1463 Vaticanus
1327 1420 1443 1464 3421
1475 1427 1502 1464 C

70 1497 101 1525 s.
127 1484 163 1524 X
189 1485 269 1524 iam
301 1497 323 1524 a
353 1483 417 1524 Fr.
451 1483 730 1524 Gustafssonio
764 1480 850 1539 (‘de
870 1483 996 1537 Apoll.
1017 1483 1099 1523 Sid.
1127 1479 1298 1523 emend?
1319 1496 1356 1536 p.
1378 1479 1446 1538 IV)

69 1546 296 1585 accuratius
328 1544 574 1598 descriptus3
616 1557 664 1584 ex
697 1544 838 1598 altera,
880 1557 981 1597 quae
1014 1556 1107 1584 cum
1138 1545 1284 1596 partim
1316 1548 1448 1583 totum

69 1604 280 1645 Sidonium
311 1606 459 1658 partim
490 1610 651 1658 praeter
683 1604 876 1658 epistulas
903 1604 1054 1657 aliquot
1086 1609 1241 1644 tantum
1267 1604 1446 1643 carmina

67 1666 214 1719 partim
240 1664 346 1705 solas
371 1665 565 1717 epistulas
590 1666 806 1718 contineat,
837 1666 1024 1705 universa
1051 1663 1255 1704 turbatum
1281 1665 1323 1704 in
1349 1663 1373 1703 l.
1402 1663 1451 1703 Vl

68 1730 109 1766 et
133 1724 200 1765 V11
225 1724 489 1778 epistularum
516 1725 699 1766 ordinem
726 1725 863 1779 habet,
889 1725 974 1765 cod.
1010 1726 1299 1765 Par-isinum
1326 1721 1441 1765 9551

68 1798 99 1826 s.
119 1785 344 1826 XII—XIII
374 1787 470 1835 (F);
502 1798 551 1826 ex
583 1788 719 1840 tertia,
752 1798 853 1839 quae
887 1786 1002 1838 quasi
1032 1785 1210 1825 medium
1243 1784 1442 1838 quendam
1468 1789 1498 1825 F

66 1847 174 1886 inter
210 1847 382 1899 primam
420 1851 460 1886 et
498 1846 662 1886 alteram
702 1845 834 1886 locum
872 1851 1002 1899 tenet,
1035 1845 1121 1886 cod.
1155 1846 1444 1885 Pari-sinum

65 1904 183 1948 2781
217 1918 248 1946 s.
276 1905 426 1946 Χ-ΧΙ
452 1908 548 1956 (Ρ),·
587 1919 635 1947 ex
669 1912 810 1959 quarta
841 1906 1014 1959 denique
1046 1911 1091 1946 ut
1122 1905 1308 1945 lectionis
1341 1906 1442 1944 inte·
1471 1910 1501 1946 P

66 1968 210 2024 gritate
252 1967 307 2006 ita
346 1966 532 2020 plurimis
565 1972 604 2007 et
636 1966 791 2007 lacunis
824 1968 1003 2006 omnium
1036 1966 1233 2006 librorum
1265 1977 1444 2005 commu—

66 2026 186 2067 nibus
225 2032 266 2067 et
303 2028 546 2080 scriptorum
584 2026 965 2080 transpositionibus
1004 2028 1155 2079 insigni
1196 2025 1282 2065 cod.
1315 2026 1445 2066 Lau-

66 2089 351 2128 rentianum
380 2087 479 2141 plut.
506 2087 617 2142 XLV,
644 2086 702 2129 23
730 2100 760 2128 s.
787 2086 973 2127 Xl—XII
999 2087 1084 2139 (T),
1117 2087 1182 2127 cui
1215 2085 1445 2126 simillimus
1471 2092 1502 2128 T

167 2216 203 2262 ⁸)
228 2215 285 2251 Ex
309 2215 370 2251 his
395 2215 544 2252 lacunis
570 2215 732 2262 aliisque
757 2215 879 2251 turbis
907 2216 947 2251 et
973 2214 1160 2251 erroribus
1181 2212 1445 2251 communibus

66 2262 265 2300 evidenter
284 2267 447 2310 apparet
465 2275 595 2300 omnes
617 2263 770 2300 omnino
798 2263 867 2310 qui
885 2265 1019 2300 extant
1044 2262 1196 2299 codices
1216 2261 1444 2299 Sidonianos

67 2311 118 2348 ad
150 2323 270 2348 unum
304 2312 541 2359 eundemque
573 2312 824 2359 archetypum
862 2323 1022 2357 eumque
1055 2322 1131 2347 non
1163 2312 1219 2347 ita
1250 2312 1445 2346 vetustum

67 2359 287 2397 referendos
313 2371 406 2397 esse.

1175 2420 1227 2455 a*
