1592 2612
614 124 824 162 omnen
846 124 895 163 v.
1356 119 1443 170 271

63 223 158 269 ’465
185 227 265 268 etsi
293 239 377 268 non
408 228 531 281 acies,
562 226 754 268 decorant
783 231 920 268 tamen
952 228 1029 267 ista
1059 227 1299 280 triumphos.

181 299 258 328 nec
288 299 354 329 me
386 286 559 341 Lageam
592 289 760 341 stirpem
793 300 1040 328 memorasse
1072 288 1228 341 pigebit

178 347 309 389 hostis
339 348 389 389 ad
420 347 651 402 exemplum
682 350 825 403 vestri3
863 361 1037 401 namque
1076 361 1253 401 auguror
1283 348 1443 390 hisdem

180 410 319 462 regnis
350 409 554 450 fortunam
585 408 773 463 similem,
805 422 898 450 cum
930 409 1050 450 luxus
1081 410 1125 449 in
1156 409 1224 449 illa

179 474 294 523 parte
326 470 381 510 sit
410 469 601 524 aequalis,
633 482 709 510 nee
740 471 856 523 peior
888 469 1037 510 Caesar
1066 471 1110 510 in
1141 471 1229 510 ista.

80 537 152 571 470
178 529 291 571 ilicet
320 530 566 584 aggrederis,
598 530 705 583 quod
738 530 873 571 nullus
904 536 1087 584 tempore
1118 535 1259 571 nostro

178 591 384 644 Augustus
414 593 565 645 potuit:
596 591 773 644 rigidum
805 591 1081 644 septemplicis
1112 590 1242 631 Histri

178 663 323 704 agmen
353 653 397 692 in
429 664 539 692 arma
571 653 693 704 rapis.
757 664 850 692 nam
883 651 1077 705 quiequid
1109 651 1323 705 languidus
1355 653 1443 693 axis

178 712 342 753 cardine
374 712 559 753 Sithonio
592 711 667 752 suh
698 711 895 752 Parrhase
927 714 1102 766 parturit
1132 711 1246 766 Ursa,

179 772 257 813 hoc
287 777 419 814 totum
450 778 519 814 tua
551 774 664 826 signa
696 778 831 827 pavet3
862 772 1068 823 Bastarna,
1101 772 1272 827 Suehus,

81 841 153 874 475
178 832 426 888 Pannonius,
457 833 631 888 Neurus,
663 832 842 887 chunus,
874 832 986 888 Geta,
1017 833 1161 887 Dacus,
1191 832 1381 888 Halanus,

176 892 421 949 Bellonotus,
452 893 603 948 Rugus,
634 893 882 948 Burgundio,
913 893 1054 948 Vesus,
1086 893 1224 947 Alites,

175 953 336 1009 Bisalta,
367 954 649 1009 Ostrogothus,
680 953 931 1008 Procrustes,
964 954 1156 1009 Sarmata,
1191 954 1380 995 Moschus

175 1019 269 1068 post
299 1014 454 1068 aquilas
486 1027 633 1055 venere
661 1020 772 1069 tuas;
803 1014 879 1055 tibi
911 1015 1058 1055 militat
1089 1017 1221 1055 omnis

175 1074 378 1116 Caucasus
410 1080 452 1116 et
482 1075 692 1129 Scythicae
724 1080 844 1129 potor
874 1075 1107 1116 Tanaiticus
1138 1076 1282 1116 undae.

77 1143 148 1177 480
175 1135 272 1189 quid
305 1137 424 1176 faciat
454 1136 615 1176 fortuna
646 1133 753 1176 viri?
785 1148 1060 1189 quascumque
1093 1138 1283 1191 minatur,

174 1196 248 1236 has
278 1198 447 1238 tremuit
476 1198 557 1237 iam
580 1196 706 1236 Roma
734 1209 896 1252 manus3
928 1197 1047 1237 modo
1073 1199 1258 1250 principe
1285 1196 1360 1237 suh
1387 1202 1440 1252 te,

173 1269 225 1297 ne
257 1262 422 1311 metuat,
453 1269 579 1311 prope
611 1270 733 1310 parva
763 1262 890 1311 putat,
921 1259 1002 1298 nisi
1034 1259 1184 1298 serviat
1215 1257 1288 1312 illi,

175 1317 282 1371 quod
315 1319 452 1359 timuit
483 1323 676 1371 regnante
709 1317 798 1358 alio.
862 1320 942 1358 iam
975 1324 1107 1359 castra
1138 1318 1327 1359 movebas

177 1383 218 1417 et
249 1384 288 1418 te
321 1378 494 1418 diversis
526 1378 730 1431 stipabant
760 1378 874 1419 milia
907 1380 1052 1431 signis:

77 1445 149 1478 485
177 1437 418 1490 obsequium
449 1450 548 1491 gens
580 1451 659 1479 una
692 1444 823 1492 negat,
856 1452 958 1492 quae
990 1452 1121 1492 nuper
1152 1439 1201 1479 ab
1233 1438 1371 1480 Histro

175 1497 331 1538 rettulit
362 1498 604 1539 indomitum
637 1498 756 1539 solito
787 1499 1056 1540 truculentior
1088 1512 1243 1554 agmen,

177 1557 282 1611 quod
316 1558 491 1599 dominis
524 1571 598 1612 per
628 1558 731 1599 bella
763 1564 874 1599 caret
905 1559 1135 1613 populoque
1170 1559 1345 1613 superbo

179 1617 337 1659 Tuldila
369 1619 601 1672 plectendas
634 1621 676 1659 in
707 1619 861 1673 proelia
894 1622 1075 1673 suggerit
1106 1621 1198 1660 iras.

175 1679 243 1720 hic
274 1684 319 1719 tu
350 1681 416 1719 vix
450 1681 573 1719 armis
604 1681 748 1733 positis
780 1682 930 1721 iterum
962 1693 1072 1720 arma
1104 1685 1324 1721 retractas:

81 1747 152 1781 490
178 1739 409 1780 Bistonides
441 1739 565 1780 veluti
597 1740 791 1781 Ciconum
823 1753 915 1781 cum
948 1741 1050 1781 sorte
1083 1742 1250 1794 pruinas

178 1799 343 1854 Ogygiis
377 1800 580 1854 complent
611 1801 774 1854 thiasis,
807 1814 880 1842 seu
913 1801 1149 1854 Strymonos
1181 1802 1287 1841 arvis

176 1873 249 1901 seu
282 1873 325 1901 se
358 1873 431 1913 per
463 1861 685 1914 Rhodopen
718 1874 807 1915 seu,
846 1875 924 1915 qua
962 1862 1172 1902 nimbosus
1211 1863 1254 1901 in
1286 1874 1439 1915 aequor

175 1920 298 1961 volvit
329 1921 600 1974 Hyperboreis
633 1923 675 1962 in
707 1922 892 1962 cautibus
923 1922 1135 1963 Hismarus
1167 1921 1369 1976 Hebrum,

175 1981 243 2021 dat
275 1994 417 2022 somno
450 1994 546 2034 vaga
578 1982 715 2036 turha,
748 1982 868 2024 simul
901 1982 1045 2023 lassata
1079 1984 1294 2036 quiescunt

77 2049 148 2082 495
177 2043 287 2094 orgia
320 2046 361 2082 et
392 2042 441 2082 ad
473 2041 644 2083 biforem
670 2042 811 2083 reboat
836 2055 911 2084 nec
936 2043 1033 2084 tibia
1061 2044 1221 2097 ssatum3

175 2103 241 2142 vix
268 2104 451 2156 requies,
478 2104 556 2142 iam
582 2100 614 2154 †
639 2109 760 2156 ponte
787 2103 929 2158 ligant,
955 2109 1060 2144 rotat
1086 2104 1230 2144 enthea
1256 2103 1440 2156 thyrsum

179 2161 361 2203 Bassaris
393 2168 434 2203 et
465 2163 633 2204 maculis
664 2163 908 2217 Erythraeae
940 2164 1133 2204 nebridos
1165 2164 1336 2203 horrens

151 2316 221 2350 467
247 2313 371 2350 isdem
394 2315 425 2351 C
433 2315 509 2351 ΤΡ
524 2317 537 2361 ΙΙ
557 2319 626 2352 477
652 2315 823 2352 Pirustes
843 2317 1091 2353 Wilamowitz
1110 2319 1122 2362 ΙΙ
1142 2320 1210 2353 491
1234 2316 1438 2362 Strymonis
1503 2314 1505 2316 ’

58 2360 97 2407 0,
124 2361 319 2399 strimonis
349 2363 390 2399 F
418 2364 430 2409 fl
462 2366 533 2399 493
560 2364 708 2400 cotibus
734 2365 786 2401 M
810 2367 823 2409 11
854 2369 925 2401 496
953 2365 1089 2411 sponte
1118 2365 1176 2411 T!
1199 2364 1277 2401 iam
1303 2364 1438 2401 fronde

56 2408 185 2455 ligans
199 2410 419 2457 Mommsen,
440 2423 595 2458 campos
609 2412 784 2460 relegunt
797 2414 1011 2459 Buecheler,
1028 2418 1180 2460 uterque
1199 2414 1414 2451 dubitanter
1425 2413 1439 2462 ss
