1592 2612
635 168 637 171 ,
667 137 961 175 PRAEFATIO.
1352 138 1513 176 XXXIX

121 239 406 294 Quamobrem,
438 252 531 280 cum
563 244 671 281 totus
703 243 767 281 tui
790 238 868 294 (=
898 246 1004 282 totus
1032 246 1126 281 tuus
1153 237 1233 281 ‘dir
1266 253 1363 294 ganz
1397 253 1512 294 erge-

119 297 236 358 ben')
269 312 498 355 proponere
530 312 612 340 non
644 301 850 356 auderem,
883 304 1007 343 totius
1031 304 1162 343 studii
1191 304 1396 355 temptavi.
1454 301 1511 342 De

121 369 229 405 totus
261 361 310 403 cf.
344 360 480 402 Claud.
513 360 629 401 Mam.
662 374 699 415 p.
728 359 798 417 57,
824 361 879 403 21
923 375 1075 414 corpus
1114 366 1237 404 totius
1266 363 1489 414 facilitatis
1497 378 1513 410 ;

121 423 204 465 Sid.
242 435 303 476 ep.
329 421 410 476 VII,
437 420 478 476 9,
505 420 562 462 22
597 425 720 463 totius
747 426 1046 475 popularitatis
1078 426 1262 472 alienus,·
1306 423 1355 464 de
1389 436 1511 477 gene-

120 486 203 525 tivo
249 483 454 537 qualitatis
501 495 594 523 cum
638 484 739 536 ipsis
789 483 1024 524 nominibus
1069 486 1248 538 propriis
1295 486 1511 525 coniuncto

119 544 299 598 Draeger
328 543 382 598 ΙΙ,
407 542 497 585 426
537 545 676 593 (homo
715 547 833 586 multi
868 547 999 586 studii
1039 544 1137 585 Gell.
1170 545 1231 599 VI,
1261 543 1330 600 15,
1362 541 1418 601 1).
1454 569 1511 573 —

119 605 186 660 IX,
201 604 241 660 2,
271 604 291 646 1
321 617 371 646 ex
397 604 465 645 VC
493 605 628 655 affatu
662 607 808 658 scripsi
842 605 1106 646 similitudine
1140 605 1219 646 loci
1252 619 1272 646 a
1305 619 1369 646 me
1403 606 1513 646 allati

121 666 337 720 adductus3
369 678 462 706 nam
494 671 540 706 ut
571 665 629 705 ibi
662 667 819 716 affatus
852 672 892 707 et
918 668 1149 708 benedictio
1177 668 1284 708 inter
1311 680 1354 707 se
1388 679 1510 720 copu-

119 727 275 781 lantur,
307 728 362 767 ita
393 726 461 767 hic
492 726 612 779 paulo
645 732 738 780 post
771 730 955 779 ipsarum
984 760 992 767 .
1021 760 1029 767 .
1057 729 1344 769 benedictione
1376 730 1510 781 sequi-

118 793 199 830 tur.
233 811 291 816 —
329 787 385 827 Ib.
419 786 446 828 2
486 789 612 828 arida
653 790 878 828 ieiunantis
929 791 1099 839 linquae
1138 791 1291 840 stipula
1331 792 1510 840 crepita—

122 851 225 890 bunt
257 844 336 904 (sic
369 846 475 903 LN2,
508 850 733 900 crepitabit
763 844 869 904 rell.)
910 848 991 889 illis
1024 848 1140 889 libris
1174 854 1283 890 recte
1317 849 1513 890 traditum

121 922 211 951 esse
250 910 449 949 existimo.
508 908 565 949 Cf.
599 908 716 962 Corp.
757 908 887 949 Gloss.
927 909 991 950 lat.
1024 909 1078 964 ΙΙ,
1106 908 1212 964 337,
1244 907 1297 952 15
1335 908 1510 965 καλάμη

118 973 326 1024 stipulum,
357 972 522 1021 stipula,
554 971 624 1010 hic
656 973 826 1010 culmus.
858 993 910 998 —
939 970 1005 1024 IX,
1032 969 1072 1024 3,
1099 969 1126 1012 3
1161 973 1292 1011 variis
1324 984 1510 1022 quaqua-

120 1043 283 1073 versum
311 1031 561 1082 fraqoribus
592 1033 710 1081 quia,
738 1036 783 1070 ut
814 1030 1118 1084 Luetjohannus
1151 1033 1193 1071 in
1227 1031 1405 1071 editione
1440 1045 1512 1072 sua

120 1092 282 1133 codices
342 1095 506 1131 secutus
564 1093 741 1146 scripsit,
786 1091 904 1132 nihili
949 1097 1028 1146 est,
1075 1105 1207 1145 neque
1261 1092 1511 1133 Mommseno

119 1155 220 1204 quia
258 1151 411 1192 delenti
449 1153 639 1192 assentiri
679 1165 865 1207 possum3
904 1153 1078 1207 accedit,
1121 1153 1227 1206 quod
1263 1153 1511 1204 fraqoribus

118 1215 185 1254 vix
218 1218 280 1254 est
312 1212 606 1266 explicandum.
669 1213 807 1266 Itaque
841 1215 1039 1267 optimum
1071 1226 1161 1254 esse
1196 1214 1293 1254 duxi
1325 1214 1511 1254 Wouwe-

119 1276 211 1315 reni
230 1275 504 1314 coniecturam
527 1273 711 1324 franqor
738 1276 968 1325 anqoribus
988 1276 1186 1328 recipere,
1206 1276 1249 1315 in
1271 1288 1348 1328 qua
1375 1281 1511 1326 tamen

122 1347 457 1386 quaquaversum
490 1346 581 1374 cum
612 1334 795 1386 franqor
827 1337 1011 1375 iunctum
1044 1337 1275 1376 etiamnunc
1309 1336 1510 1389 quandam

120 1395 414 1437 dubitationem
440 1399 584 1435 movet.
612 1418 668 1423 —
691 1395 746 1435 lb.
772 1393 803 1436 4
829 1401 968 1436 contra
1002 1395 1101 1435 LM³
1127 1399 1509 1438 contremiscentem

121 1457 268 1509 scripsi
300 1451 420 1512 (item
453 1467 514 1509 ep.
541 1455 607 1510 IX,
638 1455 704 1510 11,
731 1454 772 1510 2,
804 1456 875 1497 ubi
907 1456 938 1496 L
965 1456 1097 1510 deest,
1123 1470 1230 1497 unus
1263 1457 1320 1497 Ma
1347 1463 1509 1498 contre-

122 1519 364 1558 mescendus
390 1515 571 1570 exhibet3
598 1516 647 1556 cf.
669 1529 702 1556 c.
717 1516 837 1571 XXII,
858 1515 946 1558 228
969 1520 1253 1566 tremiscant);
1279 1531 1312 1558 V.
1334 1518 1506 1558 Woelfss.

122 1577 240 1617 Arch.
266 1577 296 1631 Ι,
322 1575 423 1617 491.
451 1574 551 1617 508.
592 1600 648 1604 —-
691 1577 747 1617 lb.
782 1575 809 1618 6
848 1578 995 1630 duplex
1037 1580 1277 1620 incumbere
1322 1581 1365 1618 in
1398 1578 1428 1618 L
1461 1592 1510 1619 ex

122 1637 392 1691 dittographia
425 1642 559 1677 ortum
591 1649 682 1677 esse
715 1638 1056 1678 verisimillimum
1089 1645 1168 1692 est,
1208 1640 1313 1680 sicut
1352 1639 1510 1680 duobus

121 1698 211 1739 aliis
250 1698 368 1751 locis,
407 1710 468 1751 ep.
501 1697 562 1752 IV,
596 1697 641 1751 3,
674 1696 701 1738 9
741 1704 781 1738 et
818 1698 879 1752 IV,
916 1697 991 1752 11,
1022 1698 1064 1751 1,
1106 1701 1148 1739 in
1188 1700 1330 1740 eodem
1370 1700 1508 1740 codice

120 1758 243 1800 verba
287 1760 499 1799 iterantur.
564 1758 755 1799 Sidonius
801 1772 843 1799 se
890 1772 982 1799 cum
1027 1759 1116 1799 aliis
1157 1762 1291 1800 causis
1334 1768 1511 1814 excusat,

121 1820 229 1873 quod
274 1825 360 1860 tum
407 1820 570 1872 quidem
617 1821 778 1873 saepius
820 1819 999 1860 scribere
1047 1826 1251 1875 vereatur,
1296 1827 1380 1861 tum
1421 1822 1508 1875 hac,

122 1880 230 1934 quod
268 1893 412 1934 parum
450 1886 540 1933 apte
580 1893 669 1920 sese
710 1880 889 1921 scribere
930 1882 1095 1935 sentiat3
1141 1881 1206 1921 ille
1248 1894 1340 1922 suas
1374 1887 1510 1935 partes

122 1946 368 1994 exsequatur
401 1936 469 1997 (ad
503 1940 622 1981 verba
649 1947 746 1982 sunt
774 1944 825 1982 de
851 1947 990 1983 celero
1024 1948 1121 1982 tuae
1149 1949 1295 1993 partes
1329 1943 1376 1982 cf.
1411 1942 1510 1983 Plin.

123 2014 186 2055 ep.
212 2002 260 2056 Π,
289 2000 356 2056 12,
384 2000 408 2042 7
445 2008 542 2042 tutte
573 2015 685 2043 nunc
713 2008 869 2053 partes,
896 2008 943 2043 ut
969 2035 976 2042 .
1005 2035 1012 2042 .
1042 2034 1049 2042 .
1077 2006 1377 2052 remunereris)
1386 2018 1401 2051 ,·
1434 2003 1513 2044 sibi

122 2063 221 2103 satis
254 2075 344 2103 esse
371 2061 480 2102 illius
508 2062 699 2115 operibus
725 2064 892 2103 victuris
920 2062 1155 2103 incumbere
1190 2059 1259 2118 (cf.
1288 2076 1388 2116 quae
1418 2064 1512 2105 sub-

121 2128 365 2176 sequuntur:
413 2126 598 2173 quisquis
637 2127 848 2164 auscultat
886 2126 1098 2164 docentem
1139 2129 1177 2164 te
1216 2126 1510 2175 disputantem-

121 2186 232 2235 que).
267 2206 323 2212 —
356 2183 411 2223 ΙΙ).
445 2183 476 2222 L
509 2196 590 2223 non
623 2183 725 2224 male
765 2187 1023 2225 rusticanter
1062 2184 1243 2238 exhibet;
1285 2185 1332 2225 cf.
1376 2190 1510 2226 tamen

123 2257 185 2298 ep.
211 2243 291 2298 VII,
318 2243 358 2298 2,
394 2244 417 2285 1
452 2247 544 2284 stilo
570 2247 812 2285 rusticante.
848 2268 904 2273 —
937 2244 1003 2298 IX,
1031 2243 1070 2299 6,
1098 2242 1124 2284 3
1159 2244 1207 2284 de
1241 2245 1376 2286 verbis
1405 2261 1511 2298 pau-

123 2317 268 2346 corum
301 2311 362 2346 est
393 2310 467 2344 etc.
501 2317 533 2343 V.
562 2317 622 2357 ep.
649 2304 728 2359 VII,
756 2302 795 2358 5,
822 2304 860 2345 4.
895 2329 951 2333 —
986 2305 1040 2344 lb.
1062 2303 1091 2345 4
1124 2317 1213 2344 cum
1247 2306 1382 2346 verbis
1417 2320 1511 2348 con-

121 2378 295 2416 sequens
315 2368 397 2406 erit
417 2360 495 2420 (sic
518 2361 632 2420 LNa)
658 2366 707 2407 cf.
724 2365 861 2405 Alcim.
883 2366 983 2405 Avit.
1012 2378 1047 2417 p.
1071 2363 1141 2418 89,
1162 2363 1230 2406 26.
1255 2389 1309 2394 —
1341 2367 1406 2421 ΙΧ,
1429 2366 1469 2422 9,
1493 2367 1515 2408 l

123 2427 272 2477 quibus
314 2432 353 2467 et
395 2428 477 2466 iam
517 2428 782 2467 recensendis
821 2425 955 2466 verbis
996 2427 1067 2479 ita,
1100 2431 1145 2466 ut
1178 2427 1273 2480 feci,
1310 2428 1512 2469 distinctis
