1592 2612
149 124 236 167 298
690 116 896 155 OARMEN
920 116 984 153 ix.

293 232 339 265 80
366 223 442 264 alte
476 233 662 275 squamea
697 232 814 260 crura
846 219 1100 271 porrigentes

366 286 407 324 in
439 283 605 334 vestigia
639 281 751 320 fauce
784 277 1032 319 desinebant.

368 346 425 384 sic
458 344 606 383 formae
639 340 811 393 triplicis
842 351 988 392 procax
1022 340 1210 378 iuventus

366 403 551 444 tellurem
583 402 684 455 pede
716 404 928 453 proterens
961 399 1095 438 voraci

368 463 554 504 currebat
586 463 763 515 capitum
796 459 991 513 stupenda
1024 470 1168 512 gressu

295 534 340 567 85
366 530 423 578 et,
455 536 546 564 cum
579 523 744 563 classica
777 522 988 561 numinum
1022 518 1235 572 sonabant,

367 598 458 625 mox
492 588 629 624 contra
662 584 836 622 tonitrus
869 580 1103 621 resibilante

367 644 538 685 audebat
571 655 739 696 superos
772 644 880 682 ciere
912 641 1059 694 planta.

368 718 443 745 nec
475 704 639 757 Flegrae
672 703 773 755 legis
806 702 991 755 ampliata
1024 714 1140 754 rura,

366 767 481 806 missi
514 765 609 805 dum
640 764 806 804 volitant
837 775 910 815 per
942 767 1049 803 astra
1080 765 1238 802 montes

295 835 341 867 90
366 826 536 879 Pindus,
568 825 725 878 Pelion,
758 823 880 878 Ossa,
913 822 1124 877 Olympus,
1162 820 1310 873 Othrys

368 899 458 927 cum
492 886 620 939 silvis,
653 884 861 938 gregibus,
894 884 1009 938 feris,
1041 883 1219 936 pruinis,

371 949 498 1000 saxis,
531 946 726 1000 fontibus,
761 945 919 998 oppidis
952 944 1072 984 levati

367 1007 595 1047 vibrantum
628 1007 866 1059 spatiosiore
899 1005 1054 1044 dextra.-

429 1067 517 1107 Non
549 1068 614 1107 hic
646 1066 831 1106 Herculis
865 1065 1045 1106 excolam
1077 1063 1257 1116 labores,

296 1136 341 1168 95
371 1130 435 1168 cui
469 1141 555 1182 sus,
588 1140 725 1181 cerva,
758 1127 842 1180 leo,
876 1125 1015 1180 Gigas,
1046 1125 1239 1177 Amazon,

369 1188 533 1242 hospes,
566 1195 723 1242 taurus,
755 1187 882 1241 Eryx,
916 1199 1026 1240 aves,
1057 1185 1205 1238 Lycus,
1238 1183 1320 1236 fur,

370 1248 539 1301 Nessus,
578 1248 693 1302 Libs,
731 1250 842 1302 iuga,
874 1259 1009 1300 poma,
1041 1247 1172 1299 virgo,
1206 1254 1392 1297 serpens,

372 1308 488 1362 Oete,
520 1309 694 1349 Thraces
728 1310 839 1362 equi,
872 1307 995 1348 boves
1027 1306 1221 1359 Hiberae,

370 1369 541 1409 luctator
573 1369 735 1421 fluvius,
768 1370 880 1409 canis
911 1368 1109 1408 triformis

278 1437 345 1470 100
373 1434 635 1482 portatusque
668 1430 784 1482 polus
817 1429 954 1482 polum
986 1428 1197 1469 dederunt.

431 1489 519 1530 Non
551 1490 616 1530 hic
649 1490 763 1530 Elida
794 1489 973 1530 nobilem
1005 1488 1212 1542 quadrigis

374 1562 449 1590 nec
480 1555 615 1590 notam
647 1552 769 1590 nimis
802 1551 930 1590 amnis
964 1561 1012 1589 ex
1045 1561 1180 1589 amore

371 1623 489 1650 versu
521 1623 762 1665 prosequar,
795 1615 839 1651 ut
870 1623 944 1663 per
976 1611 1057 1649 ima
1088 1609 1202 1662 ponti

372 1670 546 1723 Alpheus
580 1671 677 1711 fluat
709 1676 826 1724 atque
860 1671 1128 1710 transmarina

279 1738 345 1770 105
373 1732 414 1770 in
448 1731 594 1771 fluctus
627 1731 741 1772 cadat
771 1731 879 1771 unda
912 1729 1153 1783 coniugales.

433 1791 522 1831 Non
553 1791 618 1831 hic
651 1792 878 1832 Tantaleam
913 1791 1077 1831 domum
1108 1794 1307 1842 retexam,

374 1864 450 1903 qua
482 1853 651 1892 mixtum
683 1852 854 1905 Pelopea
885 1864 959 1905 per
990 1855 1199 1904 parentem
1231 1853 1293 1889 est

373 1911 498 1963 prolis
531 1912 632 1952 sacta
666 1924 780 1952 soror
813 1925 994 1964 novoque
1027 1916 1208 1951 monstro

373 1971 563 2011 infamem
596 1974 734 2024 genuit
766 1977 879 2025 pater
910 1977 1118 2026 nepotem3

281 2039 349 2072 110
375 2031 433 2070 nil
465 2037 661 2072 maestum
694 2032 759 2072 hic
793 2034 967 2086 canitur,
999 2045 1074 2072 nec
1107 2030 1355 2072 esculentam

375 2091 493 2131 fletus
526 2094 729 2144 pingimus
763 2092 811 2132 ad
844 2093 987 2145 dapem
1019 2093 1234 2145 Thyestae,

255 2211 298 2243 97
325 2206 400 2242 libs
429 2207 518 2255 OT]
551 2207 636 2253 lyps
663 2208 749 2244 PF
776 2210 788 2253 ΙΙ
819 2212 864 2244 98
894 2208 988 2245 Oete
1014 2208 1274 2254 Luetjohann;
1306 2205 1419 2243 oethe
1447 2204 1539 2251 TF,

158 2255 295 2291 oethae
325 2255 361 2301 O,
389 2255 478 2291 othe
505 2256 543 2291 P
571 2258 582 2303 ΙΙ
618 2260 684 2291 100
711 2256 850 2291 dedere
879 2257 912 2292 Τ
941 2258 953 2304 n
988 2260 1054 2292 102
1082 2256 1206 2304 minus
1236 2254 1312 2292 OF
1339 2256 1352 2300 ΙΙ
1385 2256 1453 2291 107
1480 2254 1541 2289 est

157 2315 224 2340 om.
255 2303 290 2339 T
316 2305 328 2349 ΙΙ
362 2306 430 2339 110
461 2304 696 2340 asculentam
723 2304 775 2349 P;
803 2305 1054 2340 execrandam
1080 2305 1156 2341 Leo
1188 2305 1200 2349 ΙΙ
1232 2307 1301 2338 111
1327 2301 1538 2349 pingimus]

156 2352 204 2397 cf.
231 2352 338 2397 infra
367 2364 401 2389 v.
421 2355 499 2389 229
531 2357 565 2389 et
598 2352 719 2399 Voyel.
753 2354 831 2389 ind.
859 2353 1010 2390 Ennod.
1037 2365 1066 2390 s.
1091 2365 1146 2399 v.;
1177 2351 1383 2398 pangimus
1407 2350 1542 2398 vulyo;

156 2398 334 2447 fingimus
360 2400 561 2437 Buecheler
579 2402 592 2447 ΙΙ
