1592 2612
599 117 807 155 CARMEN
833 117 951 155 XXII.
1378 117 1466 162 331

201 224 414 261 aeternum
443 220 547 260 nitet
578 220 666 273 ipse
697 232 839 274 genas3
872 232 1037 260 crevere
1069 220 1273 273 corymbis

201 284 386 333 tempora
415 284 458 320 et
488 285 674 321 auratum
704 282 831 321 verrit
863 293 978 321 coma
1010 280 1200 321 concolor
1230 293 1365 335 axem3

203 340 313 381 laeva
344 346 459 394 parte
491 346 604 381 tenet
634 346 745 381 vasta
777 340 990 382 dulcedine
1023 354 1186 381 raucam

130 409 177 444 ‘15
196 399 348 442 caelato
379 400 559 454 Pythone
590 401 737 456 lyram,
767 414 863 454 pars
894 401 1036 442 dextra
1069 404 1234 454 sagittas

202 463 383 502 continet
412 466 532 515 atque
565 461 642 502 alio
675 467 912 502 resonantes
943 475 1152 502 murmure
1183 474 1342 503 nervos.

203 521 317 563 ibant
346 521 549 576 Pipliades
580 524 734 575 pariter
764 523 1025 576 mediumque
1058 535 1214 563 noveno

202 583 549 623 circumsistentes
580 583 822 623 umbrabant
854 588 1028 636 syrmate
1062 596 1238 624 currum.

200 643 351 697 pendet
381 656 456 696 per
484 648 636 684 teretes
668 643 849 697 tripodas
881 644 1127 696 Epidaurius
1159 645 1304 696 anguis

127 712 176 745 80
201 703 373 744 diffusus
405 708 589 744 sanctum
620 717 695 757 per
726 704 827 744 colla
859 704 1036 744 salubria
1066 706 1189 744 virus.

200 764 268 805 hic
299 769 341 805 et
371 766 584 805 crinisatas
615 764 807 817 iungebat
838 764 1014 818 Pegasus
1046 765 1147 819 alas,

200 829 368 878 portans
400 824 630 878 doctiloquo
663 825 880 866 facundum
912 838 1031 866 crure
1064 825 1292 866 Creontem.

260 885 313 926 Ut
344 898 434 926 sese
466 887 634 926 iunxere
667 885 800 940 chori,
832 887 1041 939 consurgit
1071 891 1243 939 uterque

199 945 337 986 fratris
370 947 413 986 in
445 945 672 999 amplexus,
704 946 775 986 sed
807 946 926 1000 paulo
959 948 1124 1000 segnior
1155 946 1287 1000 Euan,

127 1014 175 1048 85
200 1005 299 1046 dum
329 1006 455 1059 pudet
485 1006 718 1060 instabiles,
750 1009 786 1047 si
818 1012 974 1061 surgat,
1005 1007 1177 1060 prodere
1211 1007 1381 1060 plantas.

197 1071 286 1107 tum
310 1066 515 1107 Phoebus:
548 1063 645 1120 ‘quo
671 1065 859 1120 pergis?'
886 1069 959 1121 ait,
985 1065 1100 1108 ‘num
1128 1068 1229 1108 forte
1256 1073 1463 1123 nocentes,

198 1126 373 1181 Bacche,
404 1128 510 1180 petis
542 1125 738 1168 Thebas?
774 1133 814 1168 te
846 1133 983 1168 cretus
1014 1127 1192 1168 Echione
1225 1141 1371 1182 nempe

198 1187 370 1240 abnegat
395 1200 485 1228 esse
512 1187 645 1228 deum.
696 1187 832 1241 linque
858 1188 971 1242 haec,
990 1201 1100 1242 rogo,
1113 1191 1286 1242 moenia,
1311 1189 1463 1244 linque,

198 1253 240 1288 et
269 1261 430 1288 mecum
461 1261 575 1301 mage
602 1249 719 1289 flecte
750 1254 872 1289 rotas.
935 1249 1120 1302 despexit
1150 1250 1285 1302 Agaue

127 1317 176 1350 90
199 1313 240 1348 te
273 1308 406 1349 colere
439 1314 480 1349 et
511 1315 671 1350 nosmet
702 1309 849 1363 Niobe3
881 1311 986 1362 riget
1018 1310 1111 1350 inde
1146 1310 1339 1364 superba,

197 1368 364 1409 vulnera
395 1374 456 1409 tot
487 1371 664 1423 patiens,
695 1375 793 1422 quot
826 1375 982 1423 spectat
1013 1370 1179 1411 vulnera
1210 1373 1389 1425 ventris,

199 1434 483 1482 optantemque
515 1431 621 1469 mori
651 1432 813 1482 gravius
845 1430 1058 1470 clementia
1089 1431 1193 1485 fixit3

198 1501 366 1542 parcere
399 1502 518 1542 saepe
551 1489 699 1530 malum
732 1496 795 1530 est
826 1503 1072 1543 sensumque
1104 1491 1255 1531 inferre
1289 1491 1432 1532 dolori.

198 1551 286 1603 ipsa
318 1555 453 1589 autem
485 1556 578 1590 nato
611 1552 745 1590 occiso
778 1550 970 1591 Pentheia
1002 1556 1151 1604 mater,

125 1618 171 1651 95
198 1609 371 1663 amplius
403 1615 449 1650 ut
481 1610 619 1663 furiat,
651 1611 845 1663 numquid
880 1623 960 1651 non
995 1624 1090 1651 sana
1123 1612 1257 1652 sutura
1289 1610 1382 1653 est‘?

198 1682 347 1723 ergone
379 1670 528 1710 Aonios
560 1670 685 1711 colles
717 1671 898 1711 habitare
931 1671 1133 1725 valemus,

198 1743 291 1771 cum
323 1732 450 1784 patris
476 1732 645 1771 extincti
675 1731 861 1771 thalamis
893 1734 1071 1785 potietur
1103 1731 1278 1786 adulter,

198 1791 323 1831 frater
355 1796 562 1845 natorum,
594 1793 769 1832 coniunx
802 1794 1020 1845 genetricis
1051 1792 1279 1846 habendus,

198 1853 366 1892 vitricus
398 1853 486 1904 ipse
520 1850 647 1892 suus?
698 1852 811 1892 cordi
842 1858 904 1893 est
937 1855 971 1893 si
1003 1854 1171 1906 iungere
1205 1865 1411 1907 gressum,

104 1921 174 1954 100
199 1912 350 1966 dicam,
383 1925 461 1964 qua
493 1914 647 1964 pariter
679 1912 817 1953 sedem
852 1912 995 1953 tellure
1028 1913 1221 1954 locemus.

258 1972 331 2012 Est
362 1971 496 2026 locus,
528 1974 680 2025 irrigua
713 1986 791 2026 qua
823 1986 942 2027 rupe,
969 1973 1157 2014 Garunna
1189 1978 1338 2027 rotate,

200 2038 241 2073 et
273 2038 337 2087 tu,
370 2034 439 2085 qui
473 2032 596 2073 simili
627 2033 802 2074 festinus
834 2035 877 2074 in
909 2046 1083 2087 aequora
1116 2034 1232 2087 lapsu

174 2165 221 2197 74
246 2162 355 2196 casta.
380 2161 457 2197 Leo
494 2163 506 2207 ΙΙ
545 2165 590 2197 77
616 2160 812 2208 Pipliades
838 2162 1102 2208 Duetjohoenm
1128 2161 1326 2208 pepliades
1352 2163 1459 2199 codd.

74 2209 88 2257 ΙΙ
114 2211 158 2245 81
185 2208 274 2245 hinc
295 2210 331 2245 T
346 2211 358 2256 ΙΙ
379 2214 422 2245 82
451 2208 651 2246 Crotonem
681 2210 930 2247 Wilamowitz
954 2211 1017 2255 (cf.
1037 2211 1176 2247 Robert
1196 2210 1304 2246 Erat.
1328 2215 1459 2248 catast.

79 2259 173 2303 15οῑ
209 2258 318 2294 schol.
343 2258 463 2294 Germ.
484 2262 553 2303 90,
576 2262 621 2295 11
630 2272 643 2301 ‚·
669 2262 761 2303 159,
780 2262 805 2294 8
830 2259 917 2303 Br.)
956 2260 969 2304 ss
1006 2261 1052 2295 88
1078 2258 1174 2294 haec
1200 2258 1463 2305 Luetj0hawn;

75 2304 139 2340 his
156 2307 262 2342 codd.
281 2307 294 2351 fl
314 2310 360 2342 90
380 2305 546 2351 superba.
558 2306 819 2352 Luetjohann;
846 2309 1052 2352 superbum
1072 2307 1175 2343 codd.
1196 2308 1209 2352 ΙΙ
1229 2310 1273 2342 91
1302 2307 1461 2343 vulnera.

76 2354 154 2400 tot]
180 2365 233 2390 an
255 2354 392 2390 funera.
416 2356 499 2390 tot?
521 2356 527 2399 1
550 2355 671 2390 iactat
695 2355 943 2391 Wilamowitz
966 2357 970 2401 Ι
993 2354 1156 2401 pignora.
1180 2355 1324 2391 ventris
1350 2357 1461 2404 vulyo

77 2401 90 2448 Ιξ
115 2404 162 2438 93
188 2401 331 2438 doloris
355 2402 558 2439 Buecheler
576 2405 589 2449 fl
608 2406 655 2439 94
680 2404 798 2449 gnato
825 2404 914 2449 P⁸n
