1592 2612
160 116 248 160 276
691 112 898 151 CARMEN
923 113 1004 150 vu,

342 217 505 258 Arctoas
538 217 642 257 sueti
674 215 850 256 lambere
883 214 990 255 calce
1023 219 1143 255 rotas.

252 277 476 318 Enceladus
507 278 611 330 patri
642 277 765 316 iacuit
796 276 990 328 fratrique
1011 275 1244 329 Typhoeus:

342 337 558 378 Euboicam
588 337 654 376 hic
685 348 827 389 rupem
860 337 1050 390 sustinet,
1081 336 1148 376 hic
1180 333 1384 377 Siculam?

251 398 345 438 hinc
378 410 465 438 sese
497 397 545 437 ad
577 401 702 437 totam
734 398 980 449 genetricem
1010 395 1218 438 transtulit
1248 396 1434 450 Orpheus

179 467 224 499 30
341 463 380 498 et
412 458 561 498 docuit·
580 457 748 497 chordas
781 457 916 497 dicere
950 456 1180 510 Calliopam.

254 522 560 559 assurrexerunt
591 517 727 558 Musae
760 516 834 558 sub
867 517 983 557 laude
1017 519 1168 558 sororis

343 583 382 618 et
412 578 562 631 placuit
594 578 706 618 divae
740 579 918 618 carmine
951 577 1041 631 plus
1073 579 1214 631 pietas.
1254 603 1259 610 ι

253 639 358 692 quod
391 641 426 679 si
457 643 659 678 maternas
692 637 830 678 laudes
863 643 1045 679 cantasse
1078 638 1205 679 favori
1238 643 1301 679 est

342 711 416 740 nec
448 698 559 739 valeo
592 700 747 751 priscas
780 700 1043 752 aequiperare
1075 697 1197 753 fides,

181 768 225 800 35
251 759 436 812 publicus
468 759 534 799 hic
565 764 679 812 pater
711 764 785 814 est,
816 761 906 799 vovi
938 761 1004 800 cui
1036 772 1219 814 carmen,
1250 759 1409 800 Avitus:

342 821 509 860 materia
542 824 604 860 est
635 821 780 874 maior,
814 821 848 860 si
880 819 981 860 mihi
1012 819 1125 861 Musa
1156 821 1301 861 minor.

799 973 898 1017 VII.

672 1055 1031 1094 PANEGYRICUS.

343 1132 524 1187 Phoebe,
555 1139 765 1186 peragrato
799 1134 961 1174 tandem
992 1136 1154 1175 visurus
1186 1135 1228 1174 in
1261 1133 1376 1188 orbe,

285 1205 405 1245 quem
436 1195 568 1246 possis
599 1194 780 1246 perferre
811 1207 969 1250 parem,
1002 1194 1052 1235 da
1083 1194 1236 1235 lumina
1267 1194 1394 1235 caelo:

285 1253 433 1293 sufficit
465 1254 530 1294 hic
562 1256 695 1295 terris.
758 1267 833 1295 nec
866 1267 909 1295 se
942 1256 1020 1295 iam
1054 1256 1222 1308 signifer
1254 1256 1374 1296 astris

282 1315 419 1368 iactet,
450 1314 708 1355 Marmaricus
741 1328 863 1368 quem
893 1317 1045 1356 vertice
1078 1317 1251 1356 conterit
1282 1314 1441 1356 Atlans:

239 1382 258 1414 5
287 1374 418 1414 sidera
451 1380 544 1414 sunt
575 1377 654 1415 isti.
719 1388 820 1428 quae
854 1377 959 1416 sicut
990 1389 1123 1417 mersa
1154 1378 1376 1431 nitescunt,

283 1434 460 1474 adversis
493 1437 551 1475 sic
583 1435 708 1476 Roma
738 1438 877 1491 micat,
909 1438 975 1477 cui
1007 1437 1111 1478 fixus
1143 1436 1192 1477 ab
1226 1442 1318 1477 ortu

284 1494 380 1534 ordo
414 1496 490 1535 fuit
521 1497 694 1536 crevisse
726 1496 854 1537 malis.
917 1497 1036 1537 modo
1068 1499 1253 1551 principe
1285 1501 1424 1550 surget

284 1555 468 1610 consule3
501 1568 663 1610 nempe,
694 1562 848 1612 patres,
881 1557 1046 1598 collatos
1078 1570 1246 1599 cernere
1278 1557 1408 1598 fasces

284 1627 353 1654 vos
385 1617 493 1656 iuvat
525 1621 564 1656 et
597 1618 746 1657 sociam
779 1619 949 1670 sceptris
981 1618 1195 1659 mandasse
1228 1617 1428 1659 curulem:

216 1683 258 1714 10
285 1676 453 1730 credite,
485 1676 575 1729 plus
609 1677 774 1717 dabitis:
809 1691 964 1719 currus.
1028 1680 1107 1719 iam
1139 1683 1256 1720 necte
1288 1678 1509 1734 bifrontes,

285 1748 430 1789 anceps
461 1736 571 1791 Iane,
604 1750 737 1778 comas
770 1738 999 1792 duplicique
1033 1741 1242 1793 accingere
1275 1738 1399 1779 lauro.

283 1798 478 1849 principis
511 1800 706 1852 anterior,
738 1800 817 1838 iam
849 1799 1026 1839 consulis
1058 1801 1135 1840 iste
1168 1804 1354 1840 coruscat

285 1868 430 1910 annuS,
463 1862 502 1897 et
535 1860 701 1898 emerita
731 1859 881 1899 trabeis
914 1860 1137 1901 diademata
1169 1864 1368 1900 crescunt.

286 1917 488 1956 incassum
520 1919 616 1972 iam,
649 1919 778 1973 Musa,
810 1932 949 1974 paves,
982 1920 1088 1973 quod
1120 1919 1299 1974 propulit
1330 1919 1477 1960 Auster

217 1983 259 2015 15
286 1975 371 2015 vela
403 1979 500 2017 ratis
531 1983 709 2033 nostrae,
741 1979 880 2032 pelago
914 1982 1008 2033 quia
1040 1993 1205 2021 currere
1238 1981 1366 2021 famae

287 2038 509 2090 coepimus,
542 2051 592 2078 en
626 2039 755 2093 sidus,
788 2040 895 2092 quod
927 2053 1001 2081 nos
1033 2054 1106 2095 per
1138 2040 1298 2082 caerula
1332 2045 1475 2081 servet.

347 2096 466 2136 Forte
498 2103 611 2150 pater
644 2112 836 2152 superum
868 2103 1076 2154 prospexit
1110 2101 1158 2142 ab
1192 2114 1237 2141 ae
1249 2101 1363 2141 there
1394 2105 1543 2140 terras:

289 2168 382 2196 ecce
415 2159 542 2212 viget,
575 2159 855 2212 quodcumque
888 2161 1013 2216 videt3
1046 2162 1242 2202 mundum
1274 2173 1483 2214 reparasse

290 2218 493 2269 aspexisse
526 2219 618 2273 fuit3
652 2219 760 2260 solus
794 2221 899 2261 fovet
931 2224 1063 2262 omnia
1096 2227 1230 2263 nutus.

266 2343 319 2380 VI
344 2349 390 2380 26
418 2345 501 2399 ausi
526 2347 581 2383 vel
607 2346 683 2382 nisi
713 2348 822 2385 malit
846 2349 1116 2405 Luetjohannu
1142 2353 1188 2386 30
1215 2349 1344 2386 decuit
1369 2349 1421 2385 M
1425 2349 1502 2386 PT
1509 2349 1550 2385 F

173 2391 183 2439 Η
208 2391 279 2428 VII
306 2395 325 2427 7
354 2395 477 2439 surglt
501 2395 551 2430 M
578 2397 589 2441 11
622 2399 666 2431 13
693 2407 760 2432 om.
783 2397 834 2431 M
859 2398 871 2444 Η
903 2401 948 2433 14
974 2398 1136 2444 protulit
1162 2398 1211 2434 M
1240 2400 1252 2445 ΙΙ
