1592 2612
608 142 901 179 PRAEFATIO.
1339 140 1445 178 XXV

65 246 108 286 vi
149 244 368 286 abhorrere
411 244 612 298 videatur3
665 244 734 298 sed
784 249 917 284 tamen
962 242 1284 296 Luetjohannum
1329 246 1446 297 sequi

66 306 194 347 satius
226 317 316 346 esse
350 305 515 345 credidi.
543 327 599 332 —
627 305 687 358 IV,
711 303 778 359 15,
798 303 825 345 3
852 310 892 345 et
918 300 995 359 (=
1017 299 1160 358 etiam)
1186 309 1278 356 post
1303 316 1444 354 quam·

65 377 190 417 quam
227 367 399 406 restitui.
438 364 495 406 Cf.
522 378 582 418 ep.
610 365 675 419 IX,
704 364 742 419 1,
768 363 808 405 2.
836 387 893 392 —
925 364 986 417 IV,
1014 361 1083 418 16,
1110 363 1137 405 2
1176 363 1444 417 Luetjohanni

65 425 267 480 triplicem
308 427 572 466 mutationem
617 421 725 481 (add.
770 428 823 478 is,
865 426 1044 478 carebit,
1082 426 1161 473 est)
1205 430 1251 465 ut
1288 437 1361 478 per
1399 438 1443 466 se

65 493 208 539 parum
238 485 488 539 probabilem
519 487 575 526 ita
606 498 657 526 ne
683 487 954 526 necessariam
981 485 1144 538 quidem
1179 486 1267 526 iure
1299 484 1444 538 Engel-

65 546 273 588 brechtius
305 546 329 587 l.
355 546 379 586 l.
407 559 444 599 p.
472 545 498 587 8
531 546 737 600 refutavit3
769 558 901 598 neque
934 547 1062 598 magis
1093 558 1259 586 necesse
1286 545 1446 587 videtur

66 619 160 648 cum
191 605 325 647 Leone
357 610 400 648 in
431 619 495 648 me
526 611 617 647 ante
651 609 833 647 imitatus
865 606 1023 646 addere.
1057 629 1114 634 —
1147 605 1202 646 Ib.
1235 605 1283 646 ad
1317 608 1443 660 scrip—

65 672 198 708 turam
231 679 280 708 ex
310 666 410 707 LN⁸
440 671 718 720 recuperatam
751 671 858 708 totus
890 672 1077 716 totusque
1102 666 1279 706 conferri
1310 672 1445 719 potest

66 726 199 768 Faust.
232 727 282 768 de
316 729 412 781 spir.
446 740 476 768 s,
504 727 532 782 I,
555 726 611 769 13
644 723 700 782 (p.
725 725 824 781 126,
851 725 908 767 23
935 722 999 782 E)
1041 728 1308 767 credentibus
1339 732 1446 768 totus

66 790 254 829 traditur
285 793 326 830 et
356 793 463 829 totus
489 801 515 828 a
542 789 803 828 tradentibus
831 789 1068 838 possidetur
1102 783 1239 842 (paulo
1272 792 1363 828 ante
1395 788 1445 828 de

68 853 209 891 natura
247 849 353 901 ignis
392 849 552 888 accensi
591 848 742 888 dictum
781 843 876 903 est),
913 852 958 887 ut
997 860 1088 888 cum
1127 860 1248 887 causa
1281 847 1444 901 colligas

68 907 280 949 Sidonium
316 909 437 948 huius
482 910 611 961 ipsius
653 908 731 948 loci
770 909 1015 948 meminisse.
1049 930 1105 935 —
1138 907 1199 962 Ν,
1228 906 1281 949 17
1325 910 1446 949 inser.

66 968 315 1009 Mommseno
349 968 518 1009 docente
544 970 771 1019 Arboqasti
801 969 957 1021 scripsi.
985 991 1041 996 —
1068 967 1122 1007 Ib.
1144 967 1172 1009 2
1201 971 1330 1020 ipsum
1356 974 1449 1021 post

67 1031 233 1070 limitem
264 1028 404 1070 delevi.
432 1052 489 1056 —
515 1028 577 1082 IV,
605 1027 673 1082 18,
693 1027 721 1069 2
753 1028 967 1068 lectionem
1001 1030 1181 1068 omnium
1213 1029 1399 1069 codicum
1425 1042 1447 1069 a

66 1088 343 1143 Luetjohanno
376 1091 464 1130 sine
497 1101 616 1129 causa
649 1091 898 1129 immutatam
931 1091 1157 1139 (totamque
1182 1120 1191 1130 .
1219 1121 1227 1128 .
1255 1118 1264 1128 .
1293 1102 1447 1141 perva-

66 1152 267 1201 qaturus)
299 1151 471 1190 restitui.
505 1149 562 1190 Cf.
595 1149 781 1202 Engelbr.
814 1149 838 1189 l.
866 1149 888 1189 l.
916 1162 953 1202 p.
983 1147 1020 1189 7.
1054 1172 1111 1177 ——
1144 1148 1198 1189 Ib.
1219 1147 1249 1190 4
1275 1162 1323 1190 ex
1350 1149 1449 1190 LN²

65 1212 365 1261 predecessore
397 1211 561 1263 scripsi,
600 1222 701 1262 quae
740 1210 867 1250 forma
905 1211 1035 1249 rarior
1066 1222 1148 1249 non
1181 1209 1311 1250 solum
1343 1210 1447 1263 apud

70 1270 351 1323 Symmachum
384 1266 516 1326 (relat.
549 1267 620 1323 25,
647 1269 692 1323 33
725 1268 796 1323 33,
822 1266 869 1325 2)
902 1271 1120 1324 invenitur,
1150 1283 1291 1310 verum
1324 1272 1445 1311 etiam

71 1331 176 1384 apud
207 1330 435 1371 Ennodium
474 1326 531 1386 (p.
562 1329 661 1384 121,
689 1326 764 1385 12)
798 1343 819 1370 a
851 1330 1014 1383 Vogelio
1053 1343 1102 1371 ex
1136 1332 1298 1383 optimis
1330 1330 1446 1371 libris

70 1393 256 1432 restituta
297 1396 359 1431 est
399 1387 568 1447 (Novell.
613 1390 692 1431 Val.
724 1390 851 1430 XXIX
896 1392 949 1431 in.
989 1390 1115 1431 codex
1155 1390 1448 1432 Ottobonianus

66 1453 410 1503 prodecessor-um
442 1446 594 1506 hahet).
621 1474 682 1479 —
708 1450 763 1491 lb.
787 1454 928 1502 priori
958 1452 1121 1504 scripsi,
1155 1453 1238 1491 sive
1272 1452 1449 1492 dativum

72 1523 162 1552 esse
206 1524 392 1565 censeas,
443 1524 561 1564 quem
614 1524 695 1551 non
743 1524 834 1551 raro
886 1524 977 1552 cum
1022 1513 1291 1564 comparativo
1337 1514 1450 1565 iungi

72 1577 211 1612 notum
244 1576 318 1625 est,
350 1573 446 1625 sive,
472 1571 577 1624 quod
605 1573 732 1624 magis
758 1571 902 1625 placet,
927 1571 1155 1626 ablativum,
1182 1585 1283 1625 quae
1311 1572 1450 1627 forma,

72 1633 153 1672 nisi
185 1631 316 1685 fallor,
350 1632 453 1685 apud
487 1644 626 1671 omnes
658 1631 767 1671 illius
800 1633 941 1672 aetatis
980 1633 1218 1686 scriptores,
1262 1638 1307 1673 ut
1345 1633 1450 1686 apud

74 1691 283 1746 Hilarium,
315 1691 564 1746 Cassianum,
595 1691 800 1746 Faustum,
826 1691 1048 1746 Ruricium,
1075 1691 1338 1733 Claudianum
1368 1693 1450 1734 Ma-

70 1757 256 1806 mertum,
288 1752 491 1793 interdum
523 1765 596 1805 pro
630 1754 838 1793 usitatiore
872 1752 938 1792 illa
969 1754 1011 1792 in
1044 1766 1067 1792 e
1099 1755 1288 1794 occurrit.
1346 1753 1448 1794 Con-

70 1818 131 1852 tra
158 1825 219 1866 ep.
240 1812 300 1866 Vl,
326 1813 360 1866 l,
390 1811 411 1853 1
442 1813 643 1863 inferiore
667 1812 850 1865 praetuli.
881 1836 935 1841 —
962 1812 1018 1852 lb.
1045 1811 1073 1853 5
1099 1826 1132 1852 V.
1158 1811 1211 1853 13
1244 1813 1293 1853 de
1328 1815 1448 1855 Sala·

69 1876 257 1914 moniaco
288 1886 323 1913 ν.
355 1873 522 1913 Bonnet.
555 1872 578 1913 1.
600 1872 623 1912 l.
649 1886 686 1926 p.
711 1870 810 1926 132,
835 1872 874 1913 2.
909 1897 964 1901 -
997 1873 1057 1926 IV,
1084 1870 1142 1914 20
1174 1875 1294 1914 inscr.
1328 1876 1448 1915 Dom-

72 1936 182 1974 nicio
215 1934 379 1987 scripsi3
413 1933 461 1974 cf.
495 1946 556 1986 ep.
582 1933 625 1987 V,
655 1933 722 1987 17,
749 1931 787 1974 6.
822 1956 878 1960 -
912 1933 967 1973 lb.
1000 1934 1020 1974 1
1050 1946 1315 1988 conceperas,
1343 1935 1449 1987 quod

72 1995 115 2034 in
147 1993 240 2033 LN⁸
277 1998 357 2047 est,
401 1995 616 2046 genuinam
654 1993 868 2034 lectionem
910 2006 999 2034 esse
1039 1995 1136 2033 satis
1175 1993 1311 2034 multis
1351 1994 1451 2036 locis

72 2053 377 2108 comprobatur,
418 2053 488 2094 ubi
526 2054 666 2094 eodem
709 2054 827 2094 modo
867 2054 1106 2094 indicativus
1146 2053 1451 2108 plusquamper-

72 2114 169 2154 fecti
206 2126 279 2167 pro
318 2115 572 2155 coniunctivo
614 2119 851 2168 usurpatur,
889 2114 996 2154 velut
1035 2127 1095 2167 ep.
1130 2114 1158 2167 I,
1187 2112 1225 2167 1,
1251 2113 1280 2155 4
1321 2118 1450 2156 conti—

74 2186 317 2222 cueramus;
348 2174 413 2227 ΙΙΙ,
440 2173 480 2227 ἴ),
509 2172 531 2214 1
562 2178 878 2226 impetraverat;
904 2175 946 2227 V,
967 2173 1007 2227 5,
1030 2173 1052 2214 1
1077 2177 1280 2216 dederant
1287 2190 1303 2222 ;
1329 2188 1449 2216 carm.

73 2234 139 2288 XI,
173 2233 228 2276 78
267 2237 504 2282 occiderat;
541 2234 593 2274 ib.
627 2234 684 2276 82
724 2237 893 2276 dixerat
931 2230 983 2289 (v.
1025 2236 1145 2274 etiam
1182 2234 1232 2275 M.
1271 2235 1450 2277 Mueller.

74 2291 139 2335 ‘de
172 2295 242 2348 Ap.
276 2294 357 2335 Sid.
390 2292 602 2334 latinitate'
635 2308 671 2347 p.
709 2290 825 2349 102).
861 2318 917 2323 —-
950 2294 1005 2334 11).
1038 2307 1111 2347 pro
1144 2297 1301 2336 rubore
1331 2296 1452 2337 Luct-

71 2355 274 2408 johannus
306 2356 347 2395 in
380 2355 511 2395 adnot.
544 2355 655 2395 malit
688 2361 817 2404 tuore,
859 2354 1188 2395 Wilamowitzius
1221 2368 1316 2404 ore;
1354 2356 1450 2397 illud

78 2417 241 2455 omnino
279 2415 530 2456 reiciendum
581 2420 654 2469 est,
700 2417 792 2467 quia
835 2414 990 2467 singula
1034 2415 1213 2455 membra
1260 2418 1452 2457 orationis
