1592 2612
157 151 211 194 12
650 149 798 186 LIBER
821 149 1015 186 PRIMUS.

797 295 872 339 VI.

392 378 616 415 SIDONIUS
642 378 887 416 EUTROPIO
916 378 1008 415 SUO
1036 378 1281 416 SALUTEM.

247 468 282 509 1.
328 467 431 507 Olim
458 467 618 520 quidem
646 468 823 508 scribere
849 467 923 508 tibi
949 467 1297 523 concupiscebam,
1324 468 1395 509 sed
1418 481 1526 511 nunc

154 527 216 567 vel
248 530 417 568 maxime
450 527 651 582 impellor,
690 528 730 568 id
769 533 831 568 est
863 541 953 568 cum
990 528 1090 568 mihi
1123 528 1276 569 ducens
1307 530 1351 569 in
1381 529 1527 570 urbem

156 587 312 628 Christo
338 589 578 641 propitiante
605 590 666 628 via
686 590 874 641 carpitur.
914 588 1117 629 scribendi
1137 601 1257 630 causa
1275 589 1339 630 vel
1360 589 1452 642 sola
1463 590 1527 631 vel

119 656 136 683 5
155 650 336 702 maxima,
370 661 446 701 quo
478 653 518 688 te
551 648 704 689 scilicet
736 662 757 688 a
785 649 983 702 profundo
1011 649 1254 690 domesticae
1282 651 1431 703 quietis
1457 664 1525 692 ex-

153 713 323 748 tractum
350 708 396 748 ad
424 709 665 761 capessenda
691 708 855 750 militiae
876 709 1076 750 Palatinae
1096 712 1233 750 munia
1253 723 1404 752 vocem.
1425 724 1448 750 *
1465 725 1487 751 *
1502 725 1525 751 *

154 767 192 807 2.
237 768 299 808 his
333 768 506 822 additur,
545 769 649 821 quod
682 782 849 810 munere
885 770 950 810 dei
987 770 1063 810 tibi
1095 772 1282 824 congruit
1320 773 1407 812 aevi
1439 785 1526 813 cor—

152 829 261 880 poris
300 830 422 868 animi
459 830 571 881 vigor
608 831 781 884 integer,
820 829 913 870 dein
946 831 1052 883 quod
1084 833 1201 884 equis
1234 833 1375 887 armiS,
1413 838 1526 874 veste

155 893 314 940 sumptu
346 889 546 929 famulicio
579 891 800 930 instructus
828 890 973 945 solum,
1005 893 1086 932 nisi
1115 891 1310 947 fallimur,
1343 893 1524 947 incipere

102 959 134 985 ιο
154 948 343 988 formidas
383 954 439 1002 et,
478 962 569 989 cum
607 951 662 990 sis
695 950 824 990 alacer
856 951 981 1005 domi,
1020 953 1063 992 in
1101 952 1370 1005 aggredienda
1407 966 1524 1007 pere-

154 1010 374 1060 grinatione
418 1010 621 1061 trepidum
664 1015 703 1050 te
742 1012 851 1056 iners
890 1012 1118 1065 desperatio
1157 1013 1270 1068 facit,
1317 1015 1352 1054 si
1388 1018 1524 1056 tamen

154 1070 345 1108 senatorii
383 1071 548 1109 seminis
586 1070 723 1125 homo,
762 1073 830 1124 qui
869 1072 1015 1112 cotidie
1054 1072 1247 1114 trabeatis
1281 1087 1525 1132 proavorum

153 1128 392 1180 imaginibus
430 1130 644 1185 ingeritur,
688 1132 791 1171 iuste
830 1132 964 1172 dicere
1003 1138 1136 1185 potest
1174 1139 1302 1175 semet
1341 1137 1523 1189 peregri-

153 1193 307 1240 natum,
347 1190 381 1228 si
418 1189 542 1229 semel
575 1195 615 1230 et
652 1192 693 1231 in
728 1193 888 1232 iuventa
919 1193 1065 1233 viderit
1097 1194 1345 1236 domicilium
1377 1195 1524 1249 legum,

101 1259 134 1286 15
154 1250 399 1300 gymnasium
427 1249 663 1305 litterarum,
696 1254 847 1292 curiam
875 1253 1125 1309 dignitatum,
1151 1257 1345 1296 verticem
1370 1256 1524 1311 mundi,

153 1309 322 1360 patriam
358 1308 572 1364 libertatis,
610 1313 652 1350 in
691 1325 767 1364 qua
799 1314 917 1353 unica
955 1315 1079 1354 totius
1113 1315 1222 1356 orbis
1255 1317 1415 1357 civitate
1448 1317 1524 1358 soli

153 1367 313 1408 barbari
345 1374 385 1408 et
418 1371 522 1410 servi
552 1374 872 1423 peregrinantur.
917 1372 955 1415 3.
990 1379 1030 1414 et
1054 1387 1174 1430 nunc,
1206 1389 1279 1429 pro
1311 1376 1455 1432 pudor,
1488 1379 1524 1427 si

153 1427 380 1480 relinquare
400 1431 506 1469 inter
524 1429 724 1484 busequas
738 1435 964 1474 rusticanos
980 1434 1248 1489 subulcosque
1263 1436 1522 1479 ronchantes!

154 1489 300 1540 quippe
333 1490 368 1528 si
404 1494 443 1529 et
474 1503 656 1543 campum
690 1494 789 1533 stiva
820 1499 1017 1535 tremente
1049 1497 1286 1549 proscindas
1318 1502 1386 1538 aut
1416 1500 1524 1552 prati

99 1559 135 1585 ρο
153 1547 296 1588 floreas
330 1561 424 1601 opes
455 1551 585 1603 panda
617 1565 761 1593 curvus
794 1554 893 1594 falce
925 1556 1131 1608 populeris
1163 1562 1231 1598 aut
1256 1559 1415 1599 vineam
1438 1558 1523 1613 pal-

151 1609 247 1647 mite
281 1621 439 1660 gravem
472 1623 645 1651 cernuus
671 1615 813 1654 rastris
846 1615 978 1655 fossor
1009 1618 1197 1672 invertas,
1228 1618 1435 1659 tuncvtibi
1460 1624 1523 1661 est

153 1679 304 1707 summa
335 1674 517 1710 votorum
542 1671 757 1713 beatitudo.
810 1677 906 1727 quin
935 1678 1070 1729 potius
1097 1680 1379 1731 expergiscere
1406 1685 1447 1719 et
1472 1680 1522 1720 ad

151 1729 299 1767 maiora
327 1741 368 1768 se
400 1731 540 1782 pingui
573 1734 652 1771 otio
679 1735 880 1775 marcidus
914 1741 953 1776 et
980 1739 1139 1778 enervis
1165 1740 1324 1779 animus
1356 1739 1521 1780 attollat.

151 1799 230 1826 non
262 1790 394 1829 minus
435 1795 496 1830 est
526 1796 688 1832 tuorum
720 1795 910 1835 natalium
942 1798 1028 1837 viro
1060 1810 1276 1851 personam
1309 1811 1422 1840 suam
1454 1812 1522 1840 ex-

98 1860 132 1886 25
152 1846 280 1887 colere
315 1861 432 1900 quam
464 1850 606 1891 villam.
656 1852 696 1893 4.
730 1855 778 1894 ad
811 1861 1047 1912 extremum,
1081 1859 1187 1911 quod
1213 1863 1258 1899 tu
1282 1858 1358 1899 tibi
1382 1861 1522 1901 iuven-

149 1908 245 1947 tutis
279 1911 515 1949 exercitium
547 1912 739 1968 appellas,
777 1915 852 1955 hoc
888 1922 948 1957 est
980 1919 1107 1958 otium
1138 1924 1440 1976 veteranorum,
1478 1924 1522 1961 in

151 1979 319 2019 quorum
352 1969 535 2010 manibus
574 1972 702 2013 effetis
742 1987 858 2015 enses
890 1977 1112 2030 robiginosi
1145 1992 1235 2019 sero
1267 1979 1400 2033 ligone
1432 1993 1521 2022 mu*

249 2087 268 2117 5
296 2094 370 2128 quo
399 2085 447 2129 T,
480 2097 554 2130 qua
579 2087 709 2124 LMO
741 2091 753 2135 ll
792 2094 811 2125 6
838 2094 1022 2130 nonnulla
1053 2099 1096 2131 ut
1125 2107 1158 2132 v.
1186 2097 1232 2133 ab
1257 2097 1338 2142 ipso
1364 2096 1522 2134 Sidonio

151 2132 283 2166 omissa
308 2143 380 2168 esse
403 2134 500 2170 vidit
524 2135 761 2181 Luetjohann
780 2140 791 2184 ss
812 2142 832 2173 9
858 2140 898 2174 ni
927 2142 957 2177 O
972 2145 983 2187 ΙΙ
1006 2147 1048 2178 19
1077 2144 1131 2191 et]
1159 2145 1227 2179 aui:
1251 2144 1492 2190 Dwetq'ohavm
1510 2146 1522 2194 [Ι

151 2181 195 2231 22
221 2180 394 2232 votorum
421 2192 566 2217 summa
588 2183 709 2225 01123
737 2187 882 2223 enervis
917 2189 957 2235 V,
989 2190 1130 2227 inervis
1157 2192 1252 2237 LN,
1278 2192 1446 2229 innervis
1474 2194 1518 2240 T,

149 2236 303 2262 inermis
328 2229 370 2263 in
394 2240 466 2265 ras.
494 2235 537 2266 ut
561 2243 593 2267 v.
621 2232 672 2267 M
682 2233 693 2252 ¹
718 2238 752 2270 et
783 2236 888 2280 (corr.
917 2249 962 2273 ex
986 2238 1163 2285 inermes)
1192 2240 1236 2286 G,
1262 2239 1432 2277 innervis
1457 2241 1520 2278 vel

150 2275 295 2309 enervis
321 2276 363 2310 in
387 2288 502 2324 mary.
529 2278 595 2314 Μ2
613 2281 624 2325 ΙΙ
645 2284 691 2316 24
716 2284 806 2328 non]
832 2295 923 2318 num
948 2287 1033 2323 add.
1059 2299 1106 2324 m.
1131 2299 1201 2325 rec.
1227 2289 1271 2324 in
1295 2289 1346 2324 M
1365 2291 1378 2335 l}
1403 2292 1450 2324 25
1475 2291 1520 2326 tu

98 2325 99 2328 ’
148 2332 216 2358 om.
243 2322 278 2358 L
297 2325 309 2366 ss
328 2326 373 2358 26
399 2323 471 2360 hoc
498 2328 556 2361 est
581 2338 649 2364 om.
675 2340 727 2375 sp.
748 2334 795 2366 13
823 2331 845 2367 Z.
872 2344 949 2369 vac.
974 2335 1009 2369 L
1031 2337 1036 2381 Ι
1059 2335 1181 2371 otium
1206 2336 1264 2382 M,
1290 2335 1353 2372 <rel
1377 2336 1519 2373 vicium

147 2380 174 2405 ε.
203 2370 226 2406 l.
253 2371 339 2407 add.
368 2371 417 2406 M
426 2374 449 2418 ²,
477 2374 594 2409 etiam
621 2375 658 2421 0,
687 2376 811 2412 ocium
836 2391 863 2415 s.
892 2381 913 2416 l.
943 2383 1027 2418 add.
1059 2384 1108 2420 0¹
1131 2384 1137 2431 Ι
1152 2395 1225 2431 pro
1250 2385 1520 2421 veteranorum

142 2422 228 2463 post
252 2423 415 2465 spat.10
441 2421 508 2458 litt.
535 2434 611 2470 vac.
638 2435 814 2461 ranorum
841 2428 906 2474 leq.
934 2430 974 2465 in
1000 2431 1035 2466 L
1054 2436 1065 2477 ΙΙ
