1592 2612
161 113 247 156 126
682 111 829 148 LIBER
855 110 1054 148 SEXTUS.

157 216 312 254 sionem
356 213 591 267 voluptuose
636 215 816 267 venitur3
866 217 953 253 tum
1004 212 1147 253 domus
1189 214 1376 268 propria,
1423 215 1541 256 cuius

155 279 344 330 actorem,
383 276 540 314 vineam
572 286 747 314 messem
780 273 983 327 olivetum,
1014 277 1167 314 tectum
1199 285 1360 327 quoque
1392 275 1541 330 ipsum,

154 335 217 375 vel
250 335 345 375 dum
375 334 709 388 praeterveharis,
741 335 944 387 inspicere
977 346 1043 374 res
1076 333 1279 374 commodi
1310 338 1382 375 est.
1441 348 1538 389 qua-

153 401 337 450 propter,
381 396 529 434 missus
567 407 589 434 a
626 394 763 448 nobis,
805 398 845 434 et
883 394 958 434 tibi
995 395 1203 449 pervenis3
1246 407 1421 449 namque
1460 397 1540 437 erit

117 471 134 497 5
153 455 244 496 talis
277 458 362 496 viae
395 461 485 495 tuae
519 467 744 507 causaeque
770 459 932 494 nostrae
959 454 1156 509 condicio,
1188 456 1232 495 ni
1257 454 1385 511 fallor,
1417 461 1538 510 atque

154 518 415 569 oportunitas,
443 519 486 555 ut
505 528 579 568 pro
602 515 799 555 beneficio
821 516 972 555 civitati
990 527 1110 569 posse
1131 517 1331 569 imputare
1358 517 1536 570 quando—

155 589 324 629 cumque
357 576 550 629 videaris,
584 576 689 628 quod
721 580 813 616 tuos
845 575 1007 616 videris.
1059 575 1157 616 vale.

784 729 902 773 XXI.

217 811 445 848 SIDONIUS
473 812 747 849 SACERDOTI
773 813 835 849 ET
861 812 1061 849 IUSTINO
1089 812 1193 850 SUIS
1221 813 1466 852 SALUTEM.

237 888 437 929 Victorius
469 895 637 942 patruus
664 896 809 945 vester,
841 892 903 931 vir
934 895 980 930 ut
1012 892 1200 943 egregius
1227 892 1287 932 sic
1311 891 1534 933 undecum-

94 964 129 990 10
149 962 225 1002 que
265 950 540 1004 doctissimus,
579 963 671 991 cum
710 956 844 991 cetera
882 955 1088 1006 potenter,
1127 957 1214 992 tum
1250 954 1533 1005 potentissime

149 1010 326 1050 condidit
362 1023 513 1051 versus.
578 1011 677 1051 mihi
718 1024 878 1065 quoque
912 1023 1075 1065 semper
1106 1024 1128 1052 a
1159 1025 1283 1065 parvo
1317 1025 1415 1054 cura
1445 1011 1531 1055 Mu-

149 1082 305 1125 sarum3
333 1083 440 1111 nunc
472 1083 542 1111 vos
574 1073 733 1124 parenti
764 1073 911 1112 venitis
944 1072 1130 1127 heredes,
1164 1085 1286 1126 quam
1316 1074 1419 1129 iure,
1449 1078 1533 1115 tam

147 1132 309 1171 merito:
354 1130 464 1171 ilicet
503 1144 575 1184 ego
614 1137 755 1185 poetae
796 1134 1006 1186 proximus
1044 1133 1096 1172 fio
1142 1133 1418 1189 professione,
1461 1147 1532 1176 vos

149 1193 311 1231 semine.
358 1204 452 1244 ergo
485 1193 753 1234 iustissimum
786 1199 859 1248 est,
891 1198 936 1234 ut
965 1193 1075 1233 diem
1107 1193 1245 1234 functo
1273 1195 1332 1235 sic
1359 1196 1531 1249 quisque

94 1265 128 1292 15
148 1256 331 1292 nostrum
365 1253 563 1307 succedat,
594 1258 639 1293 ut
671 1255 862 1307 iungitur.
915 1253 1087 1307 ideoque
1113 1255 1356 1308 patrimonia
1381 1261 1531 1312 tenete,

147 1311 236 1352 date
270 1314 458 1353 carmina.
509 1313 645 1354 valete.

209 1624 333 1673 GAI
372 1625 610 1676 SOLLII
648 1628 1149 1680 APOLLINARIS
1190 1630 1469 1682 SIDONII

573 1712 1097 1763 EPISTULARUM

638 1821 791 1863 LIBER
823 1823 1032 1865 SEXTUS.

817 1941 849 1985 Ι.

299 2019 526 2058 SIDONIUS
552 2021 749 2060 DOMINO
775 2023 935 2061 PAPAE
962 2025 1090 2062 LUPO
1118 2025 1359 2063 SALUTEM.

235 2094 271 2135 1.
292 2096 550 2138 Benedicitur
571 2101 737 2152 spiritus
759 2107 921 2142 sanctus
943 2108 982 2143 et
1000 2108 1116 2156 pater
1136 2103 1202 2144 dei
1222 2104 1522 2158 omnipotentiS,

144 2156 249 2207 quod
281 2162 343 2211 tu,
375 2163 680 2211 paterpatrum
714 2166 753 2201 et
785 2163 1000 2216 episcopus
1032 2165 1316 2217 episcoporum
1349 2168 1390 2204 et
1421 2163 1522 2204 alter

240 2250 261 2281 6
288 2249 515 2295 quandoque
544 2251 577 2286 T
599 2253 611 2297 ΙΙ
640 2255 684 2287 14
710 2252 811 2288 diem
836 2253 952 2291 fincto
978 2256 1015 2291 L
1040 2260 1074 2292 et
1097 2258 1207 2300 (corr.
1233 2257 1275 2292 in
1300 2254 1364 2291 die
1388 2255 1520 2291 functo

143 2294 278 2340 N¹)N‚
305 2296 365 2331 die
392 2297 520 2334 functo
548 2299 575 2343 (i
601 2311 692 2337 erras.
715 2300 927 2348 0²)GTM,
958 2305 1021 2340 sed
1054 2304 1186 2340 functo
1218 2305 1261 2340 in
1290 2315 1365 2341 ras.
1390 2304 1521 2340 simul-

142 2354 211 2390 que
240 2354 318 2380 var.
347 2344 442 2391 lect.,
474 2359 497 2382 α
522 2347 586 2382 M¹
611 2359 638 2384 s.
666 2349 689 2385 l.
716 2350 823 2394 add„
855 2362 945 2388 eras.
974 2352 1052 2397 Μ’,
1083 2352 1146 2388 die
1178 2351 1287 2388 finito
1321 2352 1423 2398 (add.
1456 2350 1522 2388 vel

141 2391 274 2427 functo
307 2392 422 2437 V¹)V
447 2396 460 2440 n
492 2399 534 2431 16
560 2395 687 2432 valete
718 2396 759 2432 in
786 2398 936 2435 Christo
965 2401 1015 2436 M
1044 2403 1055 2447 Η
1090 2404 1133 2436 18
1158 2400 1399 2438 benedicitur
1423 2399 1518 2446 LN,
1574 2420 1579 2423 ·
