1592 2612
155 131 241 175 156
626 126 776 184 Lissa
801 125 1055 163 SEPTIMUS.
1120 103 1122 105 ’

152 228 418 284 nominatur',
463 231 668 283 inquiunt,
714 225 817 268 ‘non
856 228 1056 281 episcopi,
1099 227 1169 267 sed
1208 228 1344 280 potius
1384 226 1542 268 abbatis

153 292 328 346 complet
361 292 537 331 officium
570 295 610 330 et
641 289 894 330 intercedere
928 289 1056 340 magis
1088 300 1162 341 pro
1190 286 1402 328 animabus
1434 287 1542 342 apud

153 352 368 406 caelestem
414 363 532 404 quam
576 362 649 403 pro
693 348 932 402 corporibus
971 348 1077 401 apud
1115 353 1326 389 terrenum
1363 348 1542 389 iudicem

153 409 312 466 potest'.
376 411 445 452 sed
478 412 569 464 quis
601 422 684 450 non
717 409 1017 463 exacerbescat,
1050 421 1143 449 cum
1174 409 1308 450 videat
1340 408 1543 450 sordidari

117 485 134 512 5
154 475 349 513 virtutum
389 473 662 512 sinceritatem
701 471 982 510 criminatione
1014 467 1237 510 vitiorum?
1303 467 1370 511 10.
1403 471 1438 510 si
1470 469 1542 510 eli-

155 535 285 586 gimus
317 532 531 585 humilem,
561 536 727 571 vocatur
759 530 960 572 abiectus:
1001 531 1036 570 si
1067 531 1314 583 proferimus
1347 534 1544 584 erectum,

155 593 364 646 superbire
393 598 599 646 censetur3
627 593 662 631 si
682 593 817 631 minus
838 592 1081 645 institutum,
1108 596 1276 644 propter
1296 592 1543 644 imperitiam

155 654 334 694 creditur
366 652 625 693 inridendus:
659 653 694 692 si
727 651 980 704 aliquatenus
1014 651 1190 706 doctum,
1216 657 1385 705 propter
1412 653 1543 692 scien-

156 715 252 754 tiam
280 713 474 754 clamatur
500 713 682 766 inflatus3
716 714 751 752 si
784 725 982 767 severum,
1013 717 1219 765 tamquam
1246 711 1423 754 crudelis
1449 712 1543 753 hor-

102 787 135 813 10
155 779 284 814 retur:
332 775 367 814 si
410 773 705 827 indulgentem,
749 773 939 813 facilitate
979 772 1184 831 culpatur3
1230 775 1265 813 si
1304 773 1544 827 simplicem,

155 835 377 887 despicitur
408 839 453 874 ut
484 834 646 874 brutus:
681 835 715 873 si
747 846 894 888 acrem,
926 835 1075 874 vitatur
1100 838 1145 874 ut
1172 833 1358 889 callidus3
1391 835 1427 892 si
1453 833 1543 874 dili-

156 900 327 949 gentem,
361 896 666 948 superstitiosus
701 895 953 936 decernitur:
993 896 1028 934 si
1061 895 1292 949 remissum,
1323 893 1544 948 neglegens

156 955 375 1010 iudicatur,
414 957 448 995 si
481 954 698 1009 sollertem,
730 955 921 1007 cupidus:
955 956 990 995 si
1023 956 1225 1010 quietum,
1257 956 1545 1009 pronuntiatur

156 1017 341 1069 ignavus3
386 1017 421 1055 si
459 1015 700 1064 abstemium
739 1015 1021 1070 producimus,
1066 1017 1464 1074 avarus'accipitur:
1509 1016 1545 1055 si

103 1089 137 1116 15
159 1089 268 1130 eum,
302 1078 371 1129 qui
403 1076 637 1129 prandendo
669 1081 824 1131 pascat,
857 1076 1069 1117 edacitatis
1101 1077 1330 1130 impetitur:
1370 1077 1405 1117 si
1437 1088 1544 1130 eum,

159 1138 229 1189 qui
267 1137 468 1189 pascendo
507 1138 677 1191 ieiunet,
719 1139 907 1177 vanitatis
946 1138 1140 1190 arguitur.
1208 1135 1276 1178 11.
1314 1136 1545 1177 libertatem

157 1210 231 1250 pro
269 1197 524 1250 improbitate
564 1197 849 1238 condemnant:
887 1198 1174 1238 verecundiam
1211 1210 1285 1251 pro
1317 1198 1544 1238 rusticitate

112 1275 117 1281 ·
158 1258 384 1311 fastidiunt3
411 1258 562 1310 rigidos
590 1258 639 1297 ob
667 1260 945 1298 austeritatem
970 1271 1052 1298 non
1077 1258 1227 1299 habent
1247 1271 1380 1298 caros:
1405 1257 1546 1298 blandi

159 1318 263 1370 apud
297 1330 366 1357 eos
399 1320 679 1359 communione
713 1318 922 1359 vilescunt.
975 1332 1020 1359 ac
1053 1320 1131 1373 sic,
1167 1318 1363 1359 utrolibet
1394 1330 1543 1372 genere

105 1390 141 1417 20
161 1379 327 1431 vivatur,
355 1391 515 1431 semper
540 1379 606 1419 hic
632 1384 767 1419 tamen
794 1379 992 1420 bonarum
1011 1381 1190 1433 partium
1209 1392 1344 1420 mores
1364 1391 1545 1433 pungen-

160 1438 269 1479 tibus
301 1438 449 1491 linguis
483 1439 771 1480 maledicorum
803 1440 928 1480 veluti
959 1440 1196 1493 bicipitibus
1222 1440 1352 1481 hamis
1378 1441 1545 1480 inunca-

159 1498 321 1539 buntur.
379 1501 485 1539 inter
516 1500 615 1540 haec
646 1500 1001 1542 monasterialibus
1035 1500 1262 1554 disciplinis
1295 1513 1415 1553 aegre
1449 1499 1544 1541 sub-

159 1559 267 1599 ditur
305 1559 365 1599 vel
404 1560 659 1613 popularium
693 1563 952 1602 cervicositas
990 1561 1053 1602 vel
1091 1561 1255 1602 licentia
1287 1561 1542 1617 clericorum.

160 1618 227 1660 12.
268 1621 300 1659 si
339 1620 531 1660 clericum
571 1621 729 1676 dixero,
776 1627 992 1675 sequentes
1031 1622 1304 1677 aemulantur,
1348 1621 1547 1674 derogant

105 1693 139 1718 25
160 1680 455 1721 antecedentes
500 1694 593 1722 nam
625 1683 680 1722 ita
707 1695 755 1722 ex
782 1683 846 1723 his
872 1684 1002 1737 pauci,
1036 1683 1142 1736 quod
1170 1682 1422 1735 reliquorum
1446 1693 1545 1736 pace

158 1742 211 1780 sit
255 1740 425 1795 dictum,
477 1741 602 1782 solam
648 1742 861 1784 clericatus
911 1744 1219 1784 diuturnitatem
1268 1755 1342 1796 pro
1387 1743 1547 1783 meritis

158 1806 364 1841 autumant
396 1801 681 1857 calculandam,
713 1808 758 1843 ut
783 1817 857 1844 nos
884 1806 926 1844 in
953 1805 1133 1844 antistite
1160 1803 1440 1849 consecrando,
1464 1814 1547 1843 non
1589 1817 1592 1819 ·

157 1861 372 1901 utilitatem
403 1862 526 1902 velint
559 1863 707 1916 eligere
741 1865 812 1904 sed
845 1870 1036 1919 aetatem,
1067 1869 1273 1917 tamquam
1306 1864 1376 1904 diu
1408 1864 1546 1916 potius

159 1934 278 1974 quam
316 1921 419 1962 bene
452 1924 586 1963 vivere
620 1923 764 1964 debeat
795 1926 924 1978 accipi
957 1926 1005 1965 ad
1039 1937 1242 1966 summum
1274 1923 1547 1965 sacerdotium

104 1996 140 2022 3ο
160 1982 465 2034 adipiscendum
491 1996 564 2035 pro
590 1986 770 2025 omnium
790 1988 1010 2037 gratiarum
1030 1985 1241 2039 privilegio
1262 1985 1547 2025 decoramento

160 2042 490 2082 lenocinamento.
556 2049 595 2083 et
627 2046 680 2084 ita
714 2047 911 2100 quipiam,
949 2048 991 2086 in
1024 2046 1293 2086 ministrando
1327 2057 1472 2099 segnes
1504 2046 1546 2085 in

162 2101 414 2154 obloquendo
460 2103 631 2157 celeres,
675 2106 715 2145 in
762 2106 999 2147 tractatibus
1038 2108 1159 2147 otiosi
1197 2108 1240 2147 in
1279 2105 1548 2147 seditionibus

163 2164 360 2217 occupati,
392 2164 434 2202 in
467 2165 633 2204 caritate
666 2166 817 2205 infirmi
850 2169 892 2206 in
925 2168 1097 2208 factione
1131 2167 1302 2221 robusti,
1333 2168 1376 2207 in
1409 2178 1546 2206 aemu-
1585 2204 1589 2208 .

262 2318 284 2349 4
311 2315 581 2351 exacerbescat
606 2316 742 2363 LNC',
771 2319 1038 2358 exaeerbaseat
1064 2321 1143 2365 (cat
1168 2321 1211 2356 in
1235 2330 1310 2356 ras.
1335 2318 1515 2364 M.¹)MT
1536 2318 1549 2366 ll

165 2365 186 2398 9
212 2361 367 2397 inflatus
395 2362 471 2408 (vel
498 2364 567 2399 dus
594 2366 680 2400 add.
702 2377 731 2401 s.
757 2366 779 2402 ἶ.
802 2366 984 2412 M1)MO,
1009 2367 1199 2404 inflandus
1226 2367 1354 2404 LNT
1381 2369 1394 2414 ΙΙ
1428 2370 1472 2402 18
1499 2367 1549 2403 ob
1571 2389 1574 2390 ν

165 2410 432 2446 austeritatem
459 2412 545 2447 LN
553 2413 594 2456 T,
623 2412 670 2448 ab
698 2415 924 2451 austeritate
952 2416 1003 2451 M
1010 2416 1041 2453 Ο
1056 2419 1067 2463 Η
