1592 2612
584 92 792 131 GARLOEN
817 92 954 129 xxm.

286 197 435 238 miscet
464 200 609 236 cuncta
640 194 777 248 fragor
806 195 1087 247 resuscitatus,

289 261 485 311 quantum
514 268 598 296 non
629 255 890 309 cyparissifer
920 254 1115 308 Lycaeus,

290 321 484 372 quantum
515 329 599 358 non
629 328 844 356 nemorosa
874 315 980 356 tollit
1010 314 1112 355 Ossa

292 377 458 420 crebras
488 379 717 430 inrequieta
747 389 822 430 per
852 375 1064 430 procellas,

192 447 264 480 420
290 443 486 492 quantum
516 450 593 478 nec
623 437 793 478 reboant
823 436 982 477 volutae
1013 436 1064 476 ab
1095 436 1244 476 Austro

288 499 407 540 Doris
437 498 645 539 Trinacris
676 503 746 538 aut
775 498 1015 550 voraginoso

289 572 393 614 quae
424 558 543 600 vallat
573 558 656 599 sale
687 559 941 612 Bosphorum
972 557 1201 610 Propontis.

290 619 358 661 hic
388 632 481 660 mox
512 621 712 673 praecipit
742 631 895 672 aequus
927 620 1150 671 imperator

290 680 436 734 palmis
467 682 610 734 serica,
640 679 856 733 torquibus
888 691 1060 719 coronas

197 750 270 782 425
295 743 488 794 coniungi
519 747 560 781 et
590 743 783 781 meritum
814 740 1081 792 remunerari,

294 803 413 842 victis
445 803 506 842 ire
537 801 683 842 iubens
715 803 814 841 satis
845 800 1047 854 pudendis

294 861 400 903 villis
432 861 746 903 versicoloribus
776 866 946 915 tapetas.

355 922 441 963 Iam
471 935 567 963 vero
600 922 853 963 iuvenalibus
883 922 1060 975 peractis

297 996 419 1037 quem
449 988 489 1023 te
521 983 759 1036 praebueris
790 987 987 1036 sequente
1018 983 1062 1021 in
1093 993 1203 1035 aevo,

199 1051 272 1085 430
297 1045 406 1084 intra
437 1043 569 1085 aulam
600 1045 735 1084 soceri
765 1045 847 1083 mei
878 1043 1082 1096 expetitus

295 1116 435 1145 curam
467 1116 561 1145 cum
591 1103 824 1144 moderatus
856 1116 902 1143 es
931 1102 1071 1156 Palati,

295 1164 447 1206 chartis
477 1163 775 1219 posterioribus
806 1164 1034 1217 loquemur,

296 1226 333 1266 si
363 1225 455 1279 plus
487 1224 740 1279 temporibus
770 1229 886 1265 vacat
916 1224 1083 1277 futuris3

295 1298 405 1327 nunc
437 1299 558 1339 quam
590 1287 767 1326 diximus
799 1284 1113 1338 hospitalitatem

202 1354 274 1387 435
299 1347 439 1399 paucis
471 1351 664 1399 personet
695 1346 925 1399 obsequens
956 1344 1107 1385 Thalia.

360 1405 394 1446 Ο
426 1406 557 1447 dulcis
588 1406 745 1460 domus,
777 1419 800 1446 o
832 1407 890 1459 pii
920 1410 1102 1459 penates,

299 1479 402 1520 quos
435 1462 522 1522 (res
554 1466 733 1507 difficilis
766 1466 925 1519 sibique
957 1462 1135 1521 discors)

300 1526 469 1567 libertas
501 1527 623 1568 simul
655 1526 804 1568 excolit
833 1525 1065 1579 pudorque!

300 1600 324 1627 o
357 1589 550 1641 convivia,
583 1587 752 1641 fabulae,
783 1586 923 1640 libelli,

203 1656 276 1689 440
301 1649 424 1701 risus,
456 1650 638 1703 serietas,
670 1647 917 1700 dicacitateS,

301 1721 508 1762 occursus,
539 1710 754 1749 comitatus
785 1720 892 1748 unus
923 1707 1044 1760 idem,

302 1781 376 1809 seu
407 1768 574 1809 delubra
606 1768 674 1809 dei
705 1767 871 1809 colenda
904 1767 1022 1807 nobis

205 1838 276 1870 445
302 1835 409 1870 tecta
441 1828 612 1869 illustria
644 1842 716 1870 seu
749 1828 921 1869 videnda
951 1827 1052 1880 Livi,

208 1898 279 1930 443
307 1891 390 1930 sive
423 1889 471 1929 ad
504 1891 736 1942 pontificem
768 1889 916 1942 gradus
949 1888 1119 1942 serendi,

305 1951 388 1990 sive
421 1950 470 1990 ad
503 1950 679 1990 culmina
710 1949 843 1990 Martii
873 1949 1065 2003 Myronis,

207 2019 279 2052 446
305 2011 389 2051 sire
421 2010 470 2050 ad
502 2010 723 2064 doctiloqui
753 2010 900 2051 Leonis
933 2009 1054 2050 aedes

305 2066 406 2126 (quo
439 2070 503 2111 bis
536 2083 607 2111 sex
639 2070 796 2111 tabulas
828 2071 998 2111 docente
1030 2071 1132 2110 iuris

306 2131 412 2171 ultro
446 2130 637 2172 Claudius
668 2131 822 2185 Appius
854 2130 997 2171 lateret

304 2191 413 2232 claro
445 2191 659 2232 obscurior
690 2194 734 2232 in
765 2192 1058 2244 decemviratu3

1367 90 1459 133 349

185 2337 258 2369 426
283 2332 485 2380 pudendos
511 2333 715 2369 Buecheler
744 2334 757 2378 Ι
789 2336 860 2369 445
880 2336 969 2379 post
993 2344 1026 2369 v.
1046 2334 1124 2368 442
1150 2332 1338 2368 revocavit
1363 2330 1476 2368 Luct-

86 2381 235 2428 y'oham·
253 2385 266 2429 Ι
284 2385 356 2417 444
382 2380 518 2417 marcii
546 2380 694 2428 GTFfl
