1592 2612
117 142 202 186 150
299 149 304 153 ·
503 107 511 113 ¹
585 139 733 176 LIBER-
757 137 1015 175 snpnuos.

113 243 351 285 clitaturam.
414 247 526 282 taceo
558 245 715 281 vestros
742 239 915 281 Crocum
942 238 1276 292 Simpliciumque
1309 238 1497 294 collegas,

42 334 45 338 -
112 316 214 357 quos
248 303 448 343 cathedris
481 301 562 342 sibl'
591 302 749 341 traditis
777 300 1004 340 eliminatos
1032 298 1176 339 similis
1204 298 1316 340 exilii
1342 301 1498 340 cruciat

111 376 240 417 poena
273 362 492 403 dissimilis.
550 374 722 414 namque
755 373 859 401 unus
892 362 1076 413 ipsorum
1108 358 1217 400 dolet
1249 371 1292 400 se
1322 371 1407 401 non
1438 361 1495 400 vi-

114 425 210 464 dere
249 436 326 477 quo
368 423 522 477 redeat3
568 422 668 463 alter
714 434 756 462 se
799 421 908 461 dolet
937 421 1089 470 ‚videre
1131 433 1211 473 quo
1253 428 1336 461 non
1377 420 1495 462 redit.

77 495 94 523 5
117 482 183 526 10.
216 489 260 524 tu
293 485 656 532 sacratissimorum
686 482 941 536 pontificum,
976 481 1137 521 Leontii
1167 480 1308 521 Fausti
1340 480 1497 535 Graeci,

113 544 214 585 urbe
247 544 385 584 ordine
419 545 585 584 caritate
617 543 775 583 medius
808 543 1021 596 inveniris3
1060 554 1134 595 per
1172 554 1242 582 vos
1277 541 1381 582 mala
1413 542 1497 582 foe-

113 605 254 645 derum
287 609 468 658 currunt,
499 616 573 656 per
598 616 668 643 vos
695 605 811 656 regni
836 604 1049 655 utriusque
1075 606 1192 655 pacta
1214 602 1496 654 ,condiciones-

113 677 189 718 que
233 669 454 718 portantur.
518 666 642 719 agite,
687 666 875 716 quatinus
920 662 1019 703 haec
1059 664 1112 703 sit
1153 664 1352 704 amicitiae
1398 675 1495 704 con-

113 721 526 779 cordia‘principalis,
564 729 609 765 ut
641 724 861 777 episcopali
900 723 1154 764 ordinatione
1192 725 1393 777 permissa
1424 736 1494 778 po-

58 798 93 824 10
111 785 227 838 pulos
271 785 506 839 Galliarum,
558 797 658 838 quos
703 784 819 825 limes
865 783 1057 825 Gothicae
1103 786 1226 825 sortis
1270 783 1496 838 incluserit,

110 850 316 886 teneamus
351 859 398 886 ex
431 846 527 900 fide,
566 847 644 886 etsi
681 858 762 885 non
794 852 980 886 tenemus
1014 858 1063 885 ex
1102 845 1277 886 foedere.
1340 857 1498 886 memor

109 908 239 946 nostri
271 919 359 947 esse
394 906 572 960 dignare,
605 906 766 946 domine
796 918 909 959 papa.

750 1071 848 1115 VII.

239 1155 463 1192 SIDONIUS
489 1155 684 1192 DOMINO
711 1155 871 1191 PAPAE
898 1154 1097 1192 GRAECO
1126 1134 1370 1192 SALUTEM.

204 1230 239 1272 1.
272 1231 375 1272 Ecce
414 1234 563 1272 iterum
594 1232 822 1287 Amantius,
860 1232 1124 1286 nugigerulus
1157 1237 1315 1287 noster,
1353 1232 1494 1273 Massi-

56 1303 90 1329 15
110 1291 205 1331 liam
238 1305 350 1332 suam
377 1295 535 1347 repetit,
568 1293 731 1348 aliquid,
762 1298 808 1334 ut
832 1295 959 1333 moris
986 1298 1060 1348 est,
1093 1293 1141 1333 de
1169 1292 1372 1334 manubiis
1399 1295 1495 1334 civi-

108 1353 202 1392 tatis
236 1352 398 1393 domum
430 1358 721 1408 reportaturus,
759 1356 794 1394 si
825 1359 961 1394 tamen
987 1366 1011 1393 *
1031 1367 1053 1391 *
1081 1359 1150 1394 aut
1182 1353 1361 1407 cataplus
1394 1355 1501 1394 arri-'

110 1414 219 1452 serit.
282 1425 355 1466 per
399 1426 519 1467 quem
563 1414 795 1455 ioculariter
839 1414 955 1468 plura
1000 1415 1216 1469 garrirem,
1263 1415 1298 1455 si
1340 1416 1495 1467 pariter

108 1485 214 1513 unus
241 1473 429 1527 idemque
456 1474 606 1514 valeret
631 1477 788 1515 animus
823 1488 1014 1516 exercere
1047 1475 1150 1515 laeta
1183 1471 1380 1516 et'tristia
1407 1488 1495 1516 sus-

109 1534 250 1573 tinere.
323 1535 523 1587 siquidem
576 1538 706 1576 nostri
749 1536 814 1576 hic
865 1549 974 1576 nunc
1020 1540 1081 1576 est
1131 1535 1307 1576 infelicis
1357 1535 1495 1589 anguli

54 1605 90 1631 20
110 1597 248 1647 status,
281 1596 408 1649 cuius,
440 1600 484 1635 ut
516 1596 619 1636 fama
652 1597 874 1650 confirmat,
906 1594 1116 1651 (misera)
1141 1597 1278 1637 minus
1311 1596 1387 1637 fuit
1418 1595 1493 1637 sub

108 1652 213 1693 hello
241 1667 359 1707 quam
387 1655 460 1695 suh
487 1669 585 1709 pace
613 1657 808 1697 condici0.
861 1656 899 1697 2.
934 1657 1038 1697 facta
1065 1661 1128 1697 est
1154 1658 1328 1697 servitus
1354 1661 1495 1697 nostra

107 1716 283 1766 pretium
316 1718 545 1756 securitatis
588 1716 759 1771 alienae3
799 1718 1090 1771 Arvernorum,
1128 1730 1202 1770 pro
1236 1717 1369 1772 dolor,
1408 1729 1494 1757 ser·-

108 1775 225 1828 vitus,
264 1777 345 1830 qui,
385 1778 419 1816 si
451 1778 583 1829 prisca
614 1777 930 1832 replicarentur,¹
966 1777 1168 1818 audebant
1207 1790 1249 1818 se
1290 1777 1493 1831 quondam

108 1834 252 1875 fratres
291 1836 403 1876 Latio
444 1837 579 1877 dicere
619 1842 659 1878 et
698 1840 892 1891 sanguine
932 1838 980 1878 ab
1016 1838 1137 1879 Iliaco
1175 1837 1345 1891 populos
1385 1850 1494 1878 com-

55 1905 89 1931 25
109 1900 262 1947 putare.
327 1898 361 1936 si
392 1899 570 1937 recentia
602 1898 952 1953 memorabuntur,
995 1899 1039 1938 hi
1077 1903 1188 1952 sunt,
1233 1900 1303 1952 qui
1340 1898 1496 1939 viribus

206 2040 251 2071 23
277 2036 416 2072 Lucan.
433 2036 459 2082 Ι,
474 2040 544 2073 427
555 2050 609 2083 sq.
636 2037 873 2084 Arvernique
895 2038 980 2075 ausi
993 2038 1105 2076 Latio
1124 2051 1164 2075 se
1184 2038 1329 2086 fingere
1344 2038 1495 2085 fratres,

111 2083 296 2129 sanguine
323 2084 371 2119 ab
397 2084 513 2120 Iliaco
540 2085 684 2132 populi.

112 2131 217 2176 scopi
236 2144 308 2168 ras.
331 2133 394 2169 M2
413 2135 425 2179 ss
445 2137 466 2168 3
495 2144 534 2169 se
555 2133 660 2170 dolet
682 2134 714 2171 Ο
728 2135 740 2180 ΙΙ
760 2137 782 2168 4
802 2133 935 2170 redeat
961 2135 1059 2172 alter
1085 2147 1124 2172 se
1145 2135 1251 2171 dolet
1270 2134 1398 2171 videre
1425 2147 1494 2172 om.

115 2178 211 2224 0118
239 2180 433 2217 amicitiae
453 2181 706 2227 Luetjoharm,
732 2182 906 2218 amicitia
923 2185 1027 2221 codd.
1036 2199 1050 2229 ;
1078 2183 1261 2229 amicitia,
1288 2182 1495 2220 concordia
1535 2213 1539 2217 .

111 2226 313 2273 principali
344 2231 387 2263 ut
413 2230 619 2266 Mommsen
663 2233 674 2276 ΙΙ
719 2234 763 2265 13
797 2242 850 2276 ep.
879 2232 965 2267 VII
990 2237 1104 2269 totam
1136 2244 1205 2269 om.
1233 2232 1449 2268 LNVTP
1482 2231 1495 2280 ΙΙ

113 2278 251 2329 166υῂ
276 2288 357 2322 exp.
378 2278 454 2322 Ml,
479 2290 548 2315 om.
571 2278 631 2323 F;
663 2279 838 2315 lacunam
863 2280 1048 2318 indicavit
1073 2281 1315 2327 Luetjoharm
1333 2281 1345 2326 ΙΙ
1366 2283 1410 2316 19
1437 2279 1494 2315 in-

110 2322 204 2358 fehx
222 2323 253 2359 Ο
267 2326 278 2370 ΙΙ
298 2328 343 2359 20
370 2327 412 2361 ut
431 2328 474 2362 in
492 2338 566 2363 ras.
582 2327 660 2372 Μ’,
686 2327 726 2362 et
754 2327 785 2363 Ο
803 2328 807 2372 Ι
831 2326 969 2363 misera
990 2330 1136 2375 addidi,
1162 2329 1288 2364 minus
1306 2328 1344 2373 Ο,
1370 2327 1496 2364 minor

113 2373 171 2415 (or
207 2383 234 2408 s.
264 2373 286 2408 l.
321 2374 406 2409 add.
434 2374 579 2419 M¹)M,
617 2374 752 2410 melior
784 2375 843 2418 F,·
881 2375 1006 2412 minus
1046 2377 1169 2413 tristis
1205 2377 1447 2423 Luetjoharm
1485 2376 1498 2424 Η

112 2422 158 2454 25
184 2424 271 2456 ante
296 2420 440 2456 viribus
468 2423 533 2469 leq.
560 2434 628 2468 pro
655 2424 698 2459 in
725 2423 775 2458 M
790 2425 802 2470 Η
