1592 2612
331 116 561 156 SIDONIUS
584 116 798 154 mmo
825 116 920 154 SUO
946 115 1188 154 SALUTEM.
1360 116 1452 160 203

69 220 189 274 sequi
216 219 295 260 hoc
326 230 450 274 opere
479 220 731 273 pronuntias,
755 218 923 271 paribus
947 217 1078 259 titulis
1104 231 1206 272 opus
1232 217 1451 272 epistulare

70 280 327 322 determinet.
377 277 416 320 2.
450 291 552 333 quae
578 278 708 332 iubes,
739 291 822 319 non
854 283 950 319 sunt
980 277 1279 333 improbabilia3
1312 291 1451 331 quam-

70 351 193 395 quam
222 344 265 381 et
292 339 371 381 hoc
401 341 549 394 ipsum,
580 339 688 392 quod
718 341 785 392 pie
817 340 1010 393 iniungis,
1035 339 1207 380 arduum
1232 340 1378 379 existat
1404 351 1450 379 ac

70 400 182 442 laudi
211 399 600 455 quantulaecumque
632 402 712 440 iam
744 399 870 440 semel
900 405 1039 452 partae
1080 412 1163 440 non
1195 404 1452 452 oportunum,

71 463 267 516 prImum,
310 460 418 514 qnod
456 460 651 514 opusculo
694 461 810 513 prius
843 459 950 500 edito
988 461 1215 513 praesentis
1247 461 1452 512 augmenti
1487 471 1506 498 5

70 533 163 562 sera
193 522 424 562 coniunctio
456 525 536 575 est3
568 520 733 574 deinde,
765 520 873 574 quod
905 519 1079 560 arbitros
1111 526 1203 560 ante
1236 532 1452 573 quoscum·

70 593 168 636 que,
205 582 289 622 nisi
327 580 521 635 fallimur,
564 581 942 622 indecentissimum
987 586 1050 621 est
1092 582 1284 621 materiae
1328 581 1451 620 unius

70 641 242 696 simplex
270 642 528 695 principium,
553 641 735 694 triplices
761 640 940 694 epilogos
966 642 1151 681 inveniri.
1214 639 1255 683 3.
1298 642 1453 693 pariter

68 707 112 743 et
147 703 306 757 nescio,
349 701 523 755 qualiter
566 702 656 741 fieri
695 700 892 741 veniabile
932 707 1070 755 queat,
1103 701 1210 754 quod
1242 700 1452 742 coherceri

69 767 209 803 nostra
233 761 449 832 garrulitas
474 774 550 802 nec
581 767 674 815 post
698 761 979 802 denuntiatum
1004 763 1224 802 terminum
1256 762 1449 802 sustinet:
1470 773 1505 800 10

69 824 152 864 nisi
182 824 277 892 quia
307 821 477 862 forsitan
510 824 580 876 qui
611 822 754 862 modus
788 821 957 875 [potest]
990 823 1166 875 paginis,
1205 834 1286 862 non
1317 826 1452 874 potest

68 883 167 937 poni
190 884 280 936 ipse
306 883 506 923 amicitiis.
557 887 803 936 quapropter
829 894 919 922 esse
944 887 984 922 te
1011 884 1054 922 in
1081 882 1252 935 quadam
1278 881 1450 922 tuendae

71 944 275 997 opinionis
299 955 412 983 meae
439 943 555 996 quasi
575 942 737 996 specula
757 942 873 983 decet
892 943 1145 996 curiosisque
1166 942 1262 982 sacti
1280 935 1450 982 huiusce

67 1004 267 1044 rationem
284 1003 542 1043 manifestare
569 1003 714 1056 quidve
741 1002 789 1042 ad
816 1002 893 1043 hoc
920 1004 1097 1043 sentiant
1123 1005 1266 1056 optimi
1286 1003 1451 1055 quique,

68 1064 268 1117 rescripto
308 1075 429 1116 quam
473 1063 802 1117 frequentissimo
852 1063 953 1103 mibi
995 1063 1183 1116 pandere.
1241 1062 1282 1104 4.
1326 1074 1449 1116 porro
1469 1074 1505 1101 15

69 1128 205 1164 autem
236 1124 272 1164 si
296 1136 361 1164 me
388 1125 541 1176 garrire
569 1122 776 1177 compulso
802 1124 889 1176 ipse
916 1124 1088 1164 reticere
1114 1124 1451 1176 perseveraveris,

67 1189 108 1225 te
135 1195 295 1238 quoque
322 1183 473 1224 silentii
497 1185 628 1224 nostri
652 1183 800 1224 talione
827 1183 877 1223 ad
903 1185 1031 1224 vicem
1056 1183 1180 1237 plecti
1204 1196 1287 1224 non
1313 1184 1451 1236 perin-

67 1245 220 1285 iurium
252 1249 325 1284 est.
375 1245 510 1297 itaque
543 1250 587 1284 tu
619 1245 789 1298 primus,
819 1248 864 1284 tu
890 1245 1063 1284 maxime
1090 1246 1255 1298 ignosce
1287 1244 1449 1296 negotio

68 1304 176 1358 quod
208 1305 383 1358 imponis
416 1317 461 1345 ac
493 1305 732 1345 ministerio.
789 1316 864 1344 nos
896 1316 1004 1358 vero,
1036 1306 1073 1344 si
1105 1304 1212 1358 quod
1244 1303 1451 1357 exemplar

70 1363 257 1405 manibus
283 1366 525 1418 occurrerit,
550 1364 645 1404 libri
671 1363 920 1417 marginibus
952 1366 1083 1405 octavi
1115 1364 1304 1405 celeriter
1330 1363 1450 1404 adde·
1470 1376 1506 1402 ιο

71 1430 174 1464 mus'.
237 1422 276 1465 5.
322 1426 399 1464 etsi
429 1423 688 1478 ApollinariS,
726 1425 850 1464 totius
888 1424 1014 1465 studii
1046 1426 1090 1465 in
1128 1426 1275 1465 ceteris
1314 1423 1450 1477 rebus,

71 1490 135 1525 est
165 1485 209 1524 in
239 1483 314 1524 hac
347 1490 455 1525 certe
488 1484 880 1537 neglegentissimus,
912 1486 1060 1538 quippe
1088 1486 1158 1537 qui
1184 1486 1451 1538 perexiguum

71 1544 243 1585 lectione
287 1549 473 1585 teneatur
516 1544 579 1584 vel
623 1550 784 1585 coactus
828 1543 891 1584 vel
934 1544 1204 1598 voluntarius3
1255 1550 1450 1598 quantum

68 1611 204 1645 tamen
234 1604 335 1645 mihi
365 1605 542 1659 videtur,
569 1606 639 1658 qui
669 1604 852 1658 patribus
883 1604 948 1644 his
981 1606 1094 1658 iungi
1124 1617 1207 1644 non
1239 1616 1449 1645 recusave-

68 1667 160 1720 rim,
192 1677 365 1719 quorum
397 1665 529 1705 studio
561 1670 653 1705 voto
685 1666 823 1705 timori
855 1664 1053 1705 laudabile
1086 1664 1238 1718 aliquid
1265 1665 1307 1704 in
1340 1664 1448 1718 filiis,
1468 1676 1504 1703 25

69 1725 165 1767 licet
202 1724 365 1766 difficile
395 1725 700 1779 persuadeatur,
734 1724 939 1766 difficilius
973 1725 1134 1765 sufficit.
1192 1724 1289 1765 vale.

166 1858 188 1890 '¹1
213 1853 306 1902 nisi]
333 1865 410 1889 non
424 1853 456 1890 G
469 1856 482 1899 η
503 1857 547 1889 10
572 1854 705 1889 nostra
730 1852 940 1899 garrulitas
961 1852 1154 1889 coherceri
1171 1853 1229 1898 011
1250 1856 1292 1888 11
1321 1853 1451 1898 potest

70 1904 169 1956 (post
191 1901 344 1938 modus)
368 1913 436 1938 om
460 1901 521 1937 ,w
533 1901 627 1945 GF,·
657 1902 809 1945 seclusi‚·
840 1902 887 1946 cf.
913 1901 999 1938 Tac.
1022 1912 1110 1937 ann.
1131 1902 1214 1946 HI,
1234 1903 1284 1937 56
1317 1901 1450 1936 deesse

71 1949 184 1986 nobis
202 1949 334 1986 terra
324 1962 363 1985 in
383 1950 520 1991 vitam:
546 1951 586 1985 in
605 1961 681 1995 qua
702 1949 919 2015 moriamur,
946 1960 1023 1986 non
1039 1951 1184 1995 potest3
1211 1950 1260 1986 ib.
1282 1949 1382 1994 XII,
1402 1951 1451 1985 64

69 2002 106 2035 et
128 2009 247 2052 supra
277 2010 322 2044 ep
325 1999 474 2043 .VIII‚
495 2002 556 2043 16,
574 2001 598 2034 3
630 1997 705 2034 etsi
735 1999 862 2034 tacere
872 1979 1080 2042 ἰιθειείιιιιι1
1120 1996 1315 2043 coepimus
1346 1999 1450 2033 certe

67 2045 299 2092 taciturn-en
325 2050 369 2081 12
396 2027 635 2082 contuendae
664 2046 695 2083 C
709 2048 722 2092 ΙΙ
744 2051 787 2082 14
813 2045 981 2092 quidque
1009 2046 1250 2091 DuetJ'ohann
1277 2047 1290 2092 Ι]
1318 2048 1363 2080 21
1390 2047 1450 2080 to-

69 2093 147 2130 tius
174 2094 293 2130 studii
324 2094 364 2130 in
397 2094 533 2131 ceteris
566 2094 680 2130 rebus
706 2106 790 2141 θρω-
827 2100 916 2130 tuus
949 2093 1009 2130 cui
1045 2093 1214 2129 studium
1240 2092 1280 2129 in
1312 2092 1449 2129 ceteris

68 2142 181 2179 rebus
210 2142 258 2185 F.
291 2144 379 2178 tuus
411 2142 474 2178 cui
500 2141 648 2178 animus
680 2153 766 2178 cum
792 2141 833 2178 in
865 2141 1002 2178 ceteris
1028 2141 1141 2195 rebus
1169 2142 1213 2186 G,
1247 2143 1337 2177 tuus
1363 2152 1450 2177 cum

68 2189 111 2226 in
135 2190 272 2227 ceteris
297 2191 409 2227 rebus
435 2193 517 2226 tum
537 2191 575 2227 P
595 2195 630 2227 et
648 2192 691 2227 in
709 2202 783 2227 ras.
804 2190 881 2235 Μ’,
904 2190 966 2226 vel
992 2189 1053 2226 cui
1079 2189 1211 2233 studi(
1210 2189 1291 2236 lin
1311 2188 1449 2225 ceteris

69 2238 220 2332 rebulnlss
240 2241 283 2275 in
308 2251 424 2286 mary
451 2240 538 2276 add.
560 2239 636 2284 M
614 2240 622 2259 ¹
660 2241 748 2275 tuus
775 2219 881 2285 frugi
903 2239 943 2273 in
969 2237 1105 2273 ceteris
1132 2239 1243 2274 rebus
1271 2238 1449 2274 nilamo-

68 2287 154 2323 witz
