1592 2612
147 137 201 180 16
638 130 786 166 LIBER
811 126 1005 164 PRIMUS.

145 240 252 279 enim
277 237 524 277 medicorum
549 235 636 273 iure
662 234 879 283 moveatur,
905 229 1091 281 quotiens
1118 225 1376 279 desperatum
1401 225 1517 266 furor

147 294 339 351 arripiat?
382 295 420 337 8.
446 297 552 334 inter
576 293 674 333 haec
699 303 793 332 reus
819 294 958 330 noster
984 299 1117 329 aream
1138 285 1405 339 Capitolinam
1423 298 1516 339 per-

147 371 309 399 currere
342 356 512 408 albatus;
543 353 661 393 modo
695 350 873 392 subdolis
900 346 1208 390 salutationibus
1239 347 1365 401 pasci,
1396 345 1516 387 modo

147 423 356 472 crepantes
376 415 645 457 adulationum
664 411 793 453 bullas
806 416 852 452 ut
865 420 1158 462 recognoscens
1177 406 1352 448 libenter
1365 406 1518 461 audire,

111 492 128 518 5
147 479 263 519 modo
297 479 424 518 serica
456 480 495 516 et
526 486 702 527 gemmas
735 477 774 512 et
807 472 983 525 pretiosa
1016 480 1197 522 quaeque
1229 468 1518 521 trapezitarum

147 539 350 579 involucra
388 537 525 577 rimari
563 539 603 575 et
641 534 755 586 quasi
791 535 1044 572 mercaturus
1076 529 1278 582 inspicere
1310 540 1518 582 prensare,

149 599 364 652 depretiari
396 595 604 637 devolvere
638 599 677 634 et
708 595 814 633 inter
846 591 1044 645 agendum
1069 588 1242 630 multum
1268 588 1317 629 de
1344 587 1518 642 legibus,

149 660 197 700 de
229 657 490 711 temporibus,
523 656 571 696 de
599 658 752 708 senatu,
784 653 833 693 de
859 653 1042 705 principe
1069 651 1198 704 queri,
1231 649 1338 703 quod
1366 661 1409 690 se
1436 661 1520 689 non

147 721 272 773 prius,
298 730 416 771 quam
442 717 701 769 discuterent,
727 713 1031 754 ulciscerentur.
1065 710 1103 752 9.
1124 711 1244 764 pauci
1267 709 1393 751 medii
1419 709 1519 764 dies,

96 793 130 819 ιο
151 785 189 819 et
220 781 261 819 in
292 776 744 828 tractatorio-frequens
777 778 939 814 senatus
974 768 1052 828 (sic
1078 775 1170 825 post
1197 771 1394 824 comperi3
1426 782 1520 810 nam

150 841 254 880 inter
284 841 360 879 ista
392 831 688 892 discesseram).
746 834 928 888 procedit
960 837 1098 873 noster
1130 831 1179 872 ad
1211 832 1367 872 curiam
1397 829 1519 883 paulo

149 905 239 940 ante
271 900 461 940 detonsus
500 898 824 951 pumicatusque,
863 906 954 935 cum
987 896 1240 934 accusatores
1274 889 1521 944 semipullati

150 965 266 1012 atque
308 959 484 999 concreti
521 959 683 998 nuntios
723 969 745 996 a
782 956 1020 996 decemviris
1066 953 1351 1006 opperirentur
1392 955 1432 992 et
1471 950 1520 992 ab

150 1020 346 1060 industria
375 1018 545 1072 squalidi
575 1017 893 1070 praeripuissent
918 1027 987 1055 reo
1015 1014 1190 1055 debitam
1215 1013 1521 1053 miserationem

99 1092 134 1119 15
153 1080 226 1121 sub
253 1080 399 1120 invidia
427 1078 731 1119 sordidatorum.
784 1077 894 1116 citati
923 1076 1266 1116 intromittuntur:
1297 1077 1446 1126 partes,
1477 1076 1523 1113 ut

151 1141 274 1180 moris
307 1145 380 1194 est,
412 1152 433 1179 e
459 1140 622 1191 regione
649 1139 885 1178 consistunt.
931 1137 1099 1176 offertur
1123 1134 1403 1188 praefectoriis
1430 1137 1522 1173 ante

151 1201 437 1254 propositionis
478 1199 685 1239 exordium
730 1199 794 1238 ius
833 1196 1015 1237 sedendi:
1060 1194 1268 1236 Arvandus
1306 1195 1387 1234 iam
1425 1198 1523 1234 tunc

152 1261 303 1301 infelici
346 1259 592 1312 impudentia
636 1260 791 1298 concito
831 1257 956 1310 gradu
993 1257 1137 1297 mediis
1176 1268 1302 1309 prope
1342 1253 1524 1295 iudicum

154 1320 307 1361 sinibus
335 1321 548 1373 ingeritur3
574 1319 862 1372 praefectorius
883 1315 1274 1358 circumsistentibus
1295 1315 1422 1356 latera
1441 1313 1522 1355 col-

99 1394 134 1419 20
153 1381 252 1433 legis
284 1380 506 1421 verecunde
539 1392 583 1420 ac
615 1379 755 1419 leviter
783 1380 825 1419 in
851 1380 930 1418 imo
958 1377 1242 1418 subselliorum
1269 1377 1399 1429 capite
1426 1387 1522 1416 con-

155 1441 275 1494 sedit,
313 1442 367 1480 ita
403 1446 448 1480 ut
485 1452 566 1480 non
596 1441 730 1480 minus
762 1439 936 1492 legatum
969 1451 1011 1478 se
1045 1450 1166 1491 quam
1198 1441 1427 1478 senatorem
1460 1447 1524 1475 re-

154 1502 453 1554 minisceretur,
493 1500 583 1553 plus
623 1499 671 1539 ob
709 1500 784 1540 hoc
817 1504 956 1553 postea
994 1498 1177 1539 laudatus
1209 1498 1524 1549 honoratusque.

158 1559 224 1601 10.
257 1561 351 1601 dum
381 1560 491 1614 haec,
523 1565 563 1600 et
594 1562 663 1612 qui
694 1573 908 1613 procerum
939 1559 1149 1600 defuerant
1174 1558 1396 1599 affuerunt:
1429 1568 1524 1597 con-

156 1626 323 1673 surgunt
354 1625 488 1673 partes
521 1620 719 1673 legatique
752 1625 992 1674 proponunt.
1044 1618 1215 1673 epistula
1233 1623 1340 1671 post
1362 1617 1526 1671 provin-

103 1692 136 1719 25
156 1680 253 1721 ciale
279 1681 521 1735 mandatum,
548 1682 662 1721 cuius
684 1694 804 1733 supra
823 1683 973 1721 mentio
1001 1681 1116 1734 facta,
1141 1679 1365 1732 profertur3
1392 1682 1525 1730 atque,

157 1754 246 1781 cum
280 1742 428 1781 sensim
460 1743 710 1795 recitaretur,
742 1741 947 1781 Arvandus
979 1741 1152 1781 necdum
1184 1741 1465 1791 interrogatus·
1484 1749 1526 1777 se

157 1801 326 1841 dictasse
353 1801 580 1854 proclamat.
631 1801 875 1854 respondere
902 1801 1033 1855 legati,
1060 1811 1302 1854 quamquam
1320 1797 1434 1838 valde
1454 1809 1524 1837 ne-

179 1976 186 1982 ·
252 1933 272 1963 2
299 1928 415 1974 arripi
440 1928 476 1964 L
494 1930 506 1975 11
526 1932 546 1963 6
573 1939 732 1974 pensare
760 1929 875 1966 Vatic.
897 1932 994 1966 3421
1015 1931 1026 1976 Η
1048 1932 1068 1965 7
1089 1927 1307 1997 depreciare
1335 1925 1386 1962 M
1391 1926 1434 1971 T,
1466 1924 1530 1961 vel

157 1988 190 2011 ri
214 1988 241 2013 s.
269 1977 291 2012 l.
319 1977 404 2013 add.
432 1977 496 2012 M1
527 1980 539 2022 u
574 1980 616 2012 10
643 1978 681 2012 et
713 1978 749 2013 V
771 1982 804 2013 et
830 1981 937 2022 (corr.
964 1979 1007 2014 in
1032 1977 1065 2013 it
1090 1976 1231 2022 N')N‚
1269 1975 1303 2011 it
1328 1975 1407 2011 LT
1429 1978 1464 2011 et
1487 1974 1531 2010 in

157 2036 228 2060 ras.
251 2024 301 2059 M
305 2026 326 2078 ξ,
352 2026 395 2060 ut
423 2025 454 2061 O'
471 2029 475 2068 ι
498 2024 723 2060 tractatorio
744 2025 779 2060 L
794 2026 830 2062 V
849 2030 883 2062 et
906 2029 1015 2067 (corr.
1042 2027 1084 2062 in
1108 2023 1378 2061 tractatorium
1397 2021 1533 2069 N²)N,

157 2074 340 2108 tractatio
366 2080 473 2115 (corr.
500 2074 543 2109 in
568 2073 834 2108 tractatorium
861 2074 912 2109 Μ
917 2075 939 2120 ¹)
949 2074 1013 2119 M,
1040 2075 1294 2110 tractatorum
1321 2071 1360 2117 G,
1385 2071 1532 2107 tracta-

158 2121 239 2154 tum
267 2121 313 2166 T?
341 2122 388 2164 cf.
416 2121 519 2157 Plin.
545 2132 599 2167 ep.
627 2121 670 2166 V,
690 2123 750 2166 13,
769 2124 793 2157 8
818 2123 930 2167 pauci
956 2122 1048 2166 dies,
1075 2124 1115 2158 et
1139 2121 1238 2157 liber
1262 2118 1446 2167 principis
1473 2129 1531 2154 se-

158 2179 286 2221 verus,
319 2169 411 2222 VJI,
429 2172 493 2215 27,
515 2172 560 2204 13
588 2169 765 2214 exiguum
790 2170 971 2215 temporis
990 2170 1169 2216 medium,
1197 2170 1236 2205 et
1254 2179 1384 2204 rursus
1405 2165 1531 2203 simile

160 2215 266 2268 aliud
302 2216 419 2270 priori
456 2217 570 2253 fidem
604 2216 713 2262 fecit;
751 2218 829 2262 IX,
850 2221 909 2263 13,
929 2222 952 2254 6
989 2221 1200 2265 opportune
1236 2217 1392 2253 senatus
1426 2214 1532 2250 intra

159 2262 260 2298 diem
285 2265 438 2317 tertium
470 2267 481 2311 ΙΙ
515 2270 558 2301 18
584 2276 718 2312 gressu
746 2265 777 2302 Ο
797 2267 810 2312 ΙΙ
844 2269 887 2300 19
913 2277 982 2312 pra
1006 2275 1076 2313 (sp.
1098 2271 1120 2303 3
1147 2267 1170 2303 l.
1190 2268 1240 2311 v.)
1268 2264 1389 2301 torius
1416 2265 1486 2310 (sp.
1508 2266 1532 2299 7

159 2312 182 2347 Z.
202 2314 252 2355 v.)
281 2313 501 2348 Sistentibus
528 2313 581 2358 L,
619 2324 690 2359 pra
720 2316 788 2360 (sp.
809 2317 903 2356 vac.)
931 2314 1050 2350 torius
1083 2311 1452 2350 circumsistentibus
1478 2310 1531 2356 N,

158 2358 340 2394 ferreolus
373 2361 736 2397 circumsistentibus
771 2362 821 2397 M
827 2362 898 2398 OT
925 2364 937 2408 u
969 2366 1015 2398 24
1039 2362 1161 2409 legati
1193 2365 1275 2408 (om.
1303 2362 1392 2407 que)
1427 2358 1533 2406 01⁷1!

159 2410 204 2442 25
231 2411 317 2454 post
341 2407 444 2445 facta
470 2410 534 2456 Zey.
562 2411 621 2445 est
645 2411 687 2446 in
715 2410 764 2455 T,
788 2422 815 2446 s.
844 2411 866 2446 l.
895 2411 980 2447 add.
1008 2411 1070 2447 Ml
1101 2414 1113 2457 {l
1145 2414 1190 2447 27
1215 2409 1330 2446 valde
1355 2408 1402 2445 N
1406 2407 1478 2444 TO
1499 2411 1534 2444 et
