1592 2612
131 99 365 175 §moinus
389 135 588 174 Domo
612 136 775 174 PAPAE
799 136 1060 174 NUNECHIO
1086 136 1327 175 SALUTEM.
1381 138 1466 181 197

715 283 836 327 XHI.

178 377 410 416 SIDONIUS
433 377 631 415 DOMINO
656 378 818 415 PAPAE
844 378 1105 416 NUNECHIO
1133 378 1375 416 SALUTEM.

110 484 116 489 ·
180 467 219 509 1.
249 466 373 509 Multa
403 468 447 508 in
476 472 518 508 te
549 479 698 521 genera
727 469 941 522 virtutum,
972 481 1074 522 papa
1105 468 1350 523 beatissime,
1379 481 1467 510 mu-

89 539 188 568 nere
220 539 395 582 superno
422 533 611 580 congesta
636 528 868 581 gaudemus.
921 529 1120 582 siquidem
1146 540 1263 582 agere
1288 531 1468 570 narraris

89 589 178 629 sine
210 587 401 642 superbia
431 587 609 629 nobilem
642 589 729 629 sine
761 589 911 629 invidia
943 594 1167 643 potentem,
1206 590 1292 629 sine
1326 602 1468 642 super-

90 649 255 689 stitione
292 648 529 701 religiosum
573 650 661 689 sine
702 650 889 690 iactantia
926 648 1166 704 litteratum,
1198 651 1285 690 sine
1317 651 1468 703 ineptia
1506 661 1525 688 5

90 721 254 762 gravem
297 710 385 749 sine
430 708 563 749 studio
607 709 799 764 facetum,
839 711 927 750 sine
965 711 1182 763 asperitate
1219 714 1470 751 constantem

19 813 22 815 ‚
94 770 182 810 sine
212 768 480 822 popularitate
512 781 777 810 communem.
842 768 880 810 2.
912 776 1121 823 praeterea
1151 770 1216 810 his
1246 770 1324 811 hoc
1354 783 1470 824 prae-

97 830 391 870 stantissimum
433 829 558 871 bonis?
595 830 699 870 fama
743 835 1046 884 superaggerat,
1090 831 1196 883 quod
1241 836 1280 871 te
1325 833 1471 871 asserit

92 888 213 930 hasce
238 894 299 930 tot
317 890 466 942 gratias
491 890 815 943 fastigatissimae
842 891 1020 931 caritatis
1046 903 1138 931 arce
1163 891 1469 945 transcendere3

86 949 211 1004 fama,
252 951 438 1005 inquam,
482 962 584 1003 quae
626 950 675 991 de
714 949 900 991 laudibus
938 953 1020 991 tuis
1062 964 1153 992 cum
1185 956 1301 992 canat
1331 951 1469 1005 multa,
1489 964 1524 990 ιο

87 1009 180 1063 plus
223 1011 380 1051 reticet.
443 1022 536 1051 nam
578 1009 738 1063 longius
785 1012 1016 1052 constitutis
1061 1013 1264 1052 actionum
1307 1016 1468 1054 tuarum

85 1071 341 1123 propositum
371 1075 505 1124 potest
537 1072 755 1125 assignare,
785 1083 867 1112 non
892 1077 1119 1112 numerum.
1170 1084 1341 1125 quarum
1366 1072 1468 1113 rela-

84 1131 196 1170 tione
229 1142 451 1171 succensus
482 1130 589 1172 ultro
620 1133 796 1186 primus,
838 1137 884 1172 ut
924 1131 1042 1185 longe
1074 1133 1308 1173 inferiorem
1341 1132 1469 1186 decet,

85 1190 135 1230 ad
179 1190 368 1231 solvenda
406 1191 538 1232 officia
575 1203 773 1245 procurro
811 1204 887 1233 nec
925 1205 1068 1233 vereor
1106 1193 1352 1246 garrulitatis
1394 1193 1466 1233 ali-

86 1250 245 1303 quando
290 1253 422 1306 argui,
464 1253 535 1305 qui
575 1253 690 1305 potui
729 1254 1016 1293 taciturnitatis
1056 1253 1266 1306 hucusque
1299 1252 1463 1306 culpari.
1487 1266 1522 1292 15

87 1308 128 1351 3.
160 1311 397 1352 commendo
424 1311 658 1353 Promotum
683 1312 866 1366 gerulum
892 1312 1131 1368 litterarum,
1156 1313 1269 1354 vohis
1303 1313 1467 1367 quidem

85 1375 177 1411 ante
218 1373 299 1411 iam
336 1373 560 1426 cognitum,
605 1372 676 1413 sed
712 1378 898 1414 nostrum
934 1386 1066 1427 nuper
1102 1374 1289 1414 effectum
1320 1375 1467 1414 vestris

85 1430 335 1472 orationibus
368 1431 654 1486 contribulem3
693 1434 763 1486 qui
802 1446 893 1474 cum
927 1435 980 1474 sit
1017 1439 1134 1487 gente
1166 1434 1356 1488 Iudaeus,
1388 1435 1466 1474 fide

84 1496 220 1531 tamen
250 1491 471 1544 praeelegit
496 1494 656 1532 censeri
680 1492 860 1534 Israelita
887 1506 1006 1546 quam
1033 1496 1240 1547 sanguine,
1266 1499 1307 1535 et
1332 1496 1466 1535 muni-

86 1553 263 1604 cipatum
308 1551 493 1592 caelestis
531 1551 640 1592 illius
686 1554 858 1594 civitatis
897 1554 1088 1594 affectans
1133 1554 1464 1609 occidentemque
1485 1567 1521 1593 20

86 1611 263 1652 litteram
308 1613 454 1665 spiritu
497 1612 721 1653 vivificante
766 1613 993 1668 fastidiens,
1038 1615 1192 1667 pariter
1228 1614 1307 1654 huc
1346 1616 1464 1656 iustis

85 1673 263 1725 praemia
283 1674 487 1725 proposita
508 1672 796 1727 contemplans,
816 1673 907 1728 huc,
926 1675 1007 1714 nisi
1027 1674 1177 1715 faceret
1196 1674 1244 1714 ad
1260 1674 1464 1715 Christum

87 1731 138 1772 de
170 1733 482 1776 circumcisione
508 1733 789 1788 transfugium,
820 1734 1059 1787 praevidens
1086 1747 1175 1775 sese
1202 1747 1276 1787 per
1301 1740 1464 1775 aeterna

87 1791 246 1833 saecula
278 1794 512 1845 aequiterna
545 1792 742 1846 supplicia
773 1807 999 1848 passurum,
1024 1796 1194 1848 patriam
1222 1794 1300 1834 sibi
1324 1794 1466 1835 maluit

86 1851 338 1893 Hierusalem
364 1854 500 1906 potius
527 1865 646 1906 quam
671 1853 992 1908 Hierusolymam
1018 1856 1253 1908 computari.
1303 1853 1344 1896 4.
1377 1856 1465 1908 qui·
1485 1867 1520 1894 25

88 1911 166 1953 bus
212 1914 358 1965 agnitis
404 1913 683 1954 adventantem
724 1914 904 1955 Abrahae
948 1927 1056 1956 nunc
1100 1914 1227 1956 filium
1266 1917 1465 1956 veriorem

86 1974 281 2013 maternis
314 1973 420 2013 ulnis
454 1972 647 2026 spiritalis
679 1974 799 2015 Sarra
832 1977 1037 2028 suscipiat.
1087 1987 1258 2028 namque
1286 1975 1334 2015 ad
1361 1976 1466 2028 Agar

86 2031 271 2073 ancillam
314 2034 519 2086 pertinere
560 2039 656 2074 tune
694 2034 831 2089 desiit,
876 2048 967 2075 cum
1004 2035 1143 2089 legalis
1188 2035 1463 2076 observantiae
1520 2069 1525 2073 ,

87 2094 322 2134 servitutem
355 2095 504 2146 gratiae
538 2092 722 2135 libertate
755 2098 932 2136 mutavit.
990 2096 1038 2136 de
1072 2102 1219 2149 cetero,
1252 2108 1352 2148 quae
1386 2097 1465 2149 ipsi

186 2224 203 2256 1
231 2220 418 2257 noneehio
446 2220 581 2267 LMG,
612 2222 825 2259 nonnechio
854 2224 888 2259 T
916 2226 928 2267 [1
960 2228 981 2259 9
1009 2224 1111 2271 arce]
1139 2222 1248 2269 apice
1280 2223 1461 2260 Wilamo-

85 2269 171 2305 witz
188 2270 202 2314 Ε
223 2273 267 2305 16
293 2268 402 2305 vobis
417 2269 451 2304 L
471 2273 506 2305 et
526 2276 634 2313 (corr.
649 2271 692 2306 in
710 2270 821 2307 nobis
835 2271 966 2316 N¹)N,
993 2271 1102 2307 nobis
1119 2271 1270 2317 MCTn
1291 2275 1335 2308 19
1354 2283 1463 2318 prae-

88 2315 186 2362 legit
211 2316 247 2352 L
272 2321 307 2354 et
338 2319 446 2362 (corr.
474 2318 516 2353 in
548 2317 761 2365 praeelegit
786 2319 923 2364 M1)M
950 2322 963 2365 ss
994 2323 1037 2355 21
1067 2318 1139 2356 hue
1165 2319 1200 2354 L
1226 2324 1259 2356 et
1285 2323 1395 2364 (corr.
1421 2322 1464 2356 in

86 2363 177 2447 {inc
202 2365 342 2450 ἐξὲξ,
382 2365 470 2401 hinc
497 2365 622 2402 MGT
656 2369 669 2413 n
706 2371 751 2403 22
777 2366 851 2403 huc
878 2368 913 2403 L
945 2372 978 2404 et
1009 2372 1118 2411 (corr.
1144 2368 1186 2403 in
1216 2367 1305 2404 hine
1330 2368 1463 2414 N¹)N‚

114 2423 175 2448 Ine
202 2435 219 2448 4¹
342 2416 355 2459 ss
