1592 2612
161 153 220 196 40

633 148 780 185 LIBER
805 146 1072 184 SECUNDUS.

164 253 236 294 sed
275 265 366 294 cum
403 251 602 292 libitinam
639 252 769 303 ipsam
807 249 950 290 flentes
983 260 1142 302 omnes,
1181 249 1339 288 externi
1371 260 1543 303 quoque,

163 315 438 367 prensitarent
462 315 762 352 remorarentur
789 309 1134 364 exoscularentur,
1167 308 1426 350 sacerdotum
1450 321 1543 363 pro-

163 376 485 427 pinquorumque
511 371 697 412 manibus
724 376 890 424 excepta
910 371 1118 423 perpetuis
1139 368 1304 410 sedibus
1325 369 1542 411 dormienti

165 434 335 475 similior
366 433 488 473 inlata
521 437 592 473 est.
643 436 735 485 post
767 444 868 484 quae
900 435 1066 484 precatu
1097 431 1278 484 parentis
1312 429 1443 472 orbati
1471 442 1542 471 ne-

127 505 143 531 5
163 497 272 535 niam
313 493 524 534 funebrem
562 505 644 533 non
684 504 758 545 per
796 491 929 545 elegos
969 491 1039 531 sed
1077 503 1151 544 per
1188 490 1544 545 hendecasyllabos

163 556 354 595 marmori
391 555 559 594 incisam
590 552 753 606 planctu
790 565 916 606 prope
949 552 1103 592 calente
1133 551 1291 592 dictavi.
1356 564 1474 606 quam
1506 552 1543 592 si

162 628 243 655 non
277 616 373 655 satis
404 613 626 668 improbas,
665 614 811 654 ceteris
850 614 1184 666 epigrammatum
1216 625 1398 654 meorum
1429 611 1541 653 volu-

162 675 339 716 minibus
385 674 661 727 applicandam
706 675 1010 714 mercennarius
1054 673 1283 726 bybliopola
1329 673 1544 728 suscipiet;

165 738 199 776 si
243 735 338 788 quid
385 747 519 789 secus,
570 734 719 774 sufficit
763 747 858 774 saxo
904 746 1067 775 carmen
1120 746 1285 774 saxeum
1330 735 1542 775 contineri.

112 808 147 834 ιο
166 795 204 838 3.
237 796 313 836 hoc
345 796 454 835 enim
486 795 718 848 epitaphion
750 798 829 835 est:

350 1442 394 1475 10

350 1743 393 1774 15

423 891 579 932 Occasu
611 891 733 931 celeri
765 891 932 944 feroque
965 897 1121 945 raptam

423 953 554 1004 gnatis
588 953 765 1004 quinque
797 953 984 1005 patrique
1019 953 1263 1005 coniugique

422 1013 498 1051 hoc
530 1012 664 1052 ssentis
696 1013 849 1065 patriae
882 1025 1024 1053 manus
1057 1012 1241 1053 locarunt

423 1076 646 1112 matronam
678 1071 919 1112 Filimatiam
953 1072 1176 1125 sepulchro.

425 1145 447 1172 o
481 1132 671 1185 splendor
703 1134 886 1186 generis,
918 1132 1042 1173 decus
1074 1135 1248 1187 mariti‚.

424 1192 601 1245 prudens
635 1197 743 1233 casta
774 1193 923 1233 decens
956 1206 1095 1233 severa
1127 1193 1256 1234 dulcis

425 1258 543 1305 atque
576 1254 677 1306 ipsis
711 1253 940 1294 senioribus
975 1254 1191 1308 sequenda,

425 1313 695 1353 discordantia
728 1326 829 1366 quae
862 1313 994 1354 solent
1024 1316 1170 1368 putari,

425 1386 584 1413 morum
617 1374 898 1414 commoditate
932 1374 1148 1427 copulasti:

426 1446 519 1473 nam
550 1435 654 1474 vitae
688 1436 855 1475 comites
887 1434 1015 1475 bonae
1048 1435 1213 1476 fuerunt

426 1493 591 1534 libertas
624 1496 755 1547 gravis
788 1500 828 1535 et
858 1495 989 1548 pudor
1022 1495 1186 1537 facetus.

424 1554 519 1594 hinc
553 1559 614 1595 est
646 1555 751 1608 quod
785 1556 982 1595 decimam
1014 1561 1105 1596 tuae
1140 1556 1260 1597 saluti

426 1616 491 1654 vix
524 1620 652 1655 actam
683 1616 936 1656 trieteridem
969 1616 1150 1657 dolemus

428 1680 547 1728 atque
581 1677 622 1715 in
654 1676 906 1728 temporibus
938 1678 1110 1729 vigentis
1144 1679 1231 1717 aevi

426 1736 575 1775 iniuste
608 1735 683 1775 tibi
715 1738 819 1776 iusta
851 1737 1067 1789 persoluta.

257 1830 415 1871 Placeat
440 1844 602 1871 carmen
628 1845 773 1873 necne:
800 1838 845 1873 tu
870 1846 1043 1886 propera
1063 1835 1347 1887 civitatemque
1374 1835 1548 1876 festinus

167 1892 307 1930 invise.
358 1890 482 1931 debes
521 1893 630 1932 enim
662 1892 950 1933 consolationis
984 1894 1161 1934 officium
1194 1895 1367 1935 duorum
1399 1897 1547 1936 civium

168 1951 353 1991 domibus
394 1952 564 1992 afflictis.
623 1953 730 2005 quod
769 1955 824 1993 ita
857 1953 986 1994 solvas
1019 1954 1139 1995 deum
1172 1967 1340 2010 quaeso,
1377 1968 1428 1996 ne
1459 1969 1547 1997 um-

169 2023 289 2064 quam
320 2011 395 2051 tibi

426 2011 695 2053 redhibeatur.
747 2013 843 2054 vale.

267 2166 288 2198 2
316 2163 625 2200 exoscularentur
651 2176 717 2201 om.
739 2165 828 2201 LN
842 2167 853 2212 ΙΙ
874 2169 894 2201 5
921 2167 986 2203 alt.
1012 2178 1080 2212 per
1105 2178 1172 2204 om.
1198 2168 1229 2204 O
1243 2170 1255 2215 fl
1278 2171 1321 2203 10
1346 2167 1419 2205 hoc
1445 2168 1548 2205 enim

169 2209 394 2258 epitaphion
421 2214 480 2249 est
503 2213 644 2249 secludi
668 2214 747 2250 vult
774 2213 998 2260 Gustafsson
1017 2217 1029 2262 Η
1049 2228 1081 2252 v.
1103 2220 1124 2252 2
1151 2215 1253 2252 natis
1280 2216 1331 2252 M
1336 2215 1406 2253 GT
1421 2218 1434 2263 ΙΙ
