1592 2612
683 111 979 149 PRAEFATIO.
1382 112 1526 149 XXXV

135 217 374 265 veteravit),
415 227 516 268 quae
555 213 605 254 ab
645 215 734 254 eius
772 213 945 254 naturali
982 213 1280 267 principalique
1327 215 1527 267 significa-

134 277 245 317 tione
272 275 402 316 aliena
428 280 501 316 est.
529 298 585 303 -
611 274 667 315 Ib.
695 274 872 315 Leonem
899 279 1063 315 secutus
1098 274 1220 315 verba
1253 276 1309 315 ita
1341 275 1527 315 distinxi:

138 339 215 379 sed
252 339 304 378 de
343 339 408 378 his
446 339 594 377 istaec:
634 342 674 377 et
716 339 797 376 iam
829 338 957 376 multa
990 341 1096 377 sunt.
1135 358 1185 364 —
1222 335 1302 390 VII,
1334 335 1399 390 12,
1427 334 1453 376 3
1487 342 1529 377 et

134 402 230 451 post
261 400 458 439 inusitato
492 395 620 437 deleri
651 395 794 450 nolim3
826 409 861 436 V.
889 396 979 436 adn.
1006 419 1062 424 —
1091 395 1170 451 VH,
1200 395 1268 451 14,
1294 395 1322 438 3
1351 399 1525 447 ¹alanen—

142 460 207 500 dis
238 459 413 499 restitui.
459 457 516 498 Cf.
542 456 730 510 Engelbr.
764 457 787 497 l.
815 457 839 497 l.
866 470 903 510 p.
930 455 970 497 4.
1005 481 1061 485 —
1095 456 1150 498 lb.
1185 459 1347 498 artibus
1381 459 1528 511 scripsi

133 520 308 559 maxime
337 531 398 572 ep.
426 517 469 572 V,
496 517 536 572 2,
566 518 587 559 1
624 523 770 572 motus,
802 517 871 558 ubi
899 519 1006 558 inter
1039 519 1231 559 membris
1263 523 1304 558 et
1330 520 1527 570 partibus

132 581 265 633 posita
297 579 397 620 haec
429 591 505 619 vox
545 583 654 619 certe
694 578 810 619 aliter
849 580 979 632 accipi
1017 591 1098 619 non
1137 583 1282 632 potest.
1316 602 1373 606 ——
1406 578 1463 619 Ib.
1497 577 1524 620 6

134 640 368 681 dubitanter
400 653 450 681 ex
483 639 514 679 T
547 652 621 681 nos
654 642 850 680 cedamus
883 641 1041 694 recepi3
1082 652 1183 693 quae
1216 639 1336 680 lectio
1370 641 1406 679 si
1439 652 1523 679 om-

131 703 229 742 nino
262 713 357 741 vera
390 706 470 755 est,
510 701 766 741 coniecturae
806 699 947 740 deberi
979 701 1150 741 videtur.
1185 724 1241 727 —
1275 700 1331 740 lb.
1367 699 1391 740 7
1427 700 1524 753 quid

131 761 403 815 Luetjohanni
436 761 698 802 distinctione
726 760 941 801 verborum
969 764 1232 802 conclamata
1264 767 1378 802 sunt:
1411 774 1525 802 nam-

131 836 211 874 que
243 823 400 876 faciam,
431 823 584 876 nescio,
615 834 747 875 neque
779 821 1077 862 Wilamowitzii
1118 823 1351 862 coniectura
1388 825 1524 863 sanci-

133 890 258 934 taque
297 879 391 938 (pro
430 888 528 924 sunt
563 885 759 933 namque)
799 884 1029 923 necessaria
1069 888 1142 923 est.
1207 882 1250 922 Si
1284 895 1361 935 qua
1394 888 1522 923 muta-

130 945 242 985 tione
287 956 388 997 0pus
429 948 557 996 esset,
597 943 821 983 scriberem
854 947 1142 984 conclamatae
1187 939 1296 999 (coll.
1325 956 1358 983 c.
1385 942 1525 998 XXIII,

130 1003 222 1046 480
249 1000 348 1061 sq.);
393 1004 464 1044 sed
517 1003 556 1043 id
605 1016 765 1057 quoque
811 1016 1154 1057 supervacaneum
1200 1010 1272 1044 est.
1338 1005 1524 1055 Namque

131 1067 253 1106 tertio
285 1064 374 1105 loco
406 1066 584 1118 positum
617 1066 738 1105 etiam
765 1077 826 1118 ep.
854 1063 933 1118 VII,
961 1063 1000 1118 8,
1028 1063 1073 1119 23
1105 1064 1181 1118 Vll,
1208 1063 1248 1119 9,
1276 1063 1333 1105 22
1366 1066 1522 1105 inveni-

132 1132 209 1167 tur.
238 1149 294 1153 -—
323 1125 403 1180 VII,
433 1123 500 1180 15,
526 1124 554 1166 2
588 1125 637 1166 de
671 1127 896 1176 quamlibet
927 1139 961 1165 v.
989 1125 1158 1166 Bonnet.
1186 1125 1210 1165 l.
1238 1125 1261 1166 l.
1289 1139 1326 1179 p.
1354 1124 1456 1180 325,
1483 1123 1522 1167 5.

131 1210 188 1214 —
221 1186 320 1241 VIII,
349 1186 388 1241 1,
415 1185 442 1226 2
475 1192 620 1228 oratus
662 1183 741 1241 (sic
773 1186 823 1240 L,
855 1192 1006 1227 oratur
1038 1182 1093 1242 N)
1134 1185 1441 1227 Gustafssonius
1481 1192 1521 1227 et

131 1247 404 1288 Chatelainius
431 1249 518 1288 iure
541 1246 851 1300 improbandum
871 1259 962 1287 esse
983 1248 1226 1288 existimant.
1250 1270 1305 1274 —
1327 1247 1382 1287 lb.
1405 1249 1524 1288 lividi

128 1321 212 1349 non
244 1314 307 1349 est
339 1307 444 1361 quod
480 1307 747 1348 secludamus.
775 1331 831 1335 ——
858 1307 914 1348 Ib.
937 1306 964 1349 3
991 1309 1093 1348 mira
1121 1313 1184 1348 est
1210 1308 1396 1348 codicum
1422 1307 1523 1348 LNa

133 1370 335 1422 scriptura
369 1370 592 1410 turbidinis
634 1364 757 1424 (addo
791 1370 900 1409 enim
933 1370 976 1408 in
1008 1368 1043 1408 N
1075 1370 1207 1422 primo
1240 1368 1350 1409 idem
1382 1369 1520 1422 fuisse,

129 1434 269 1483 postea
302 1431 345 1470 in
378 1431 613 1470 turbinibus
647 1434 875 1470 correctum
908 1425 1032 1485 esse).
1090 1428 1231 1483 Neque
1264 1434 1399 1470 tamen
1433 1435 1520 1470 tur-

131 1492 340 1531 bidinibus
373 1491 621 1543 scripserim,
655 1502 897 1543 quamquam
930 1490 1029 1530 haec
1062 1503 1138 1530 vox
1171 1490 1277 1543 apud
1309 1489 1522 1531 Ruricium

131 1547 187 1606 (p.
215 1549 318 1604 434,
347 1549 403 1592 14
429 1552 653 1591 turbidinis
682 1546 729 1606 S)
763 1550 943 1603 aliosque
971 1552 1188 1591 invenitur.
1217 1574 1274 1578 ——
1302 1551 1400 1606 VIII,
1426 1550 1467 1605 2,
1493 1550 1522 1592 2

130 1613 429 1653 Demosthenen
462 1612 618 1664 scripsi.
643 1635 699 1638 —
725 1610 823 1666 VIII,
844 1609 884 1665 3,
908 1610 930 1651 1
957 1624 1114 1663 parere
1139 1613 1313 1652 restitui.
1336 1635 1392 1639 —
1413 1611 1469 1652 Ib.
1493 1611 1523 1652 4

127 1684 204 1726 pro
225 1673 488 1713 Bracmanas
515 1667 594 1727 (sic
614 1671 737 1725 LNP,
765 1673 1029 1722 Braymanas
1049 1671 1127 1711 MT
1140 1667 1228 1727 CF)
1249 1671 1521 1725 Engelbrech-

128 1734 211 1774 tius
255 1732 368 1773 malit
418 1733 695 1783 Braqmanas‚
742 1734 835 1785 quia
881 1731 1126 1773 Claudianus
1177 1732 1396 1774 Mamertus
1447 1733 1522 1774 hac

128 1794 256 1834 forma
300 1798 448 1834 utatur.
517 1792 616 1833 Mihi
657 1792 805 1833 melius
854 1795 985 1833 visum
1033 1798 1095 1833 est
1141 1795 1314 1846 optimos
1360 1793 1521 1834 codices

129 1856 255 1907 sequi.
289 1878 346 1882 —
380 1853 484 1908 VIII,
510 1852 557 1909 4,
582 1853 612 1895 4
645 1859 786 1894 contra
817 1853 890 1893 LV
922 1856 1222 1906 principaliter
1265 1860 1303 1895 te
1345 1856 1518 1895 restitui.

127 1914 184 1955 De
225 1917 524 1966 principaliter
567 1915 616 1954 cf.
656 1927 716 1968 ep.
752 1914 822 1968 ΙΙΙ,
855 1913 902 1969 3,
929 1913 974 1969 33
1019 1914 1063 1969 V,
1091 1913 1135 1969 7,
1166 1913 1209 1969 73
1254 1914 1339 1969 VII,
1369 1914 1444 1969 17,
1473 1914 1521 1970 13

128 1975 194 2030 IX,
225 1974 292 2030 12,
320 1975 357 2017 1.
392 1998 448 2003 -—
481 1975 578 2030 VIII,
606 1973 647 2030 6,
672 1974 699 2017 3
734 1978 796 2029 in,
831 1975 936 2028 quod
969 1988 1064 2028 pars
1098 1975 1284 2016 codicum
1317 1981 1408 2016 ante
1441 1978 1520 2017 hoc

129 2042 311 2088 tempore
345 2035 519 2090 exhibet,
552 2049 645 2076 cum
670 2035 948 2089 Luetjohanno
977 2035 1126 2090 delevi,
1161 2041 1201 2076 et
1227 2049 1323 2076 sane
1349 2035 1519 2077 molesta

128 2102 190 2137 est
230 2097 371 2137 eadem
409 2098 655 2150 praepositio
695 2102 760 2137 ter
797 2099 979 2150 repetita.
1044 2096 1100 2137 Cf.
1142 2109 1202 2150 ep.
1235 2096 1333 2150 VIII,
1365 2096 1432 2151 11,
1463 2095 1519 2138 14

130 2153 291 2213 (contra
323 2161 366 2198 in
398 2159 477 2198 hoc
509 2163 690 2209 tempore
723 2170 783 2211 ep.
811 2157 876 2210 IX,
903 2156 943 2212 3,
971 2153 1031 2213 2).
1067 2181 1122 2185 ——
1163 2157 1219 2197 lb.
1240 2156 1268 2198 ὃ
1300 2156 1518 2198 lectionem

129 2218 280 2259 codicis
326 2217 356 2257 L
402 2219 595 2270 Astyrius
641 2214 710 2274 (cf.
745 2214 881 2274 Sylla)
926 2231 1061 2258 veram
1107 2230 1196 2258 esse
1241 2217 1517 2259 Mommsenus

128 2280 325 2331 cognovit.
372 2301 427 2306 —-—
473 2277 528 2318 ΙΙ).
563 2278 694 2319 dativo
740 2281 903 2320 consuli
945 2281 1145 2328 (consulis
1185 2278 1216 2318 L
1257 2284 1297 2319 et
1340 2279 1431 2320 fort.
1465 2274 1515 2335 V)

127 2344 291 2393 recepto
331 2338 462 2379 locum
507 2340 604 2379 satis
646 2338 852 2380 difficilem
891 2341 1018 2392 magis
1058 2341 1321 2392 perspicuum
1366 2340 1516 2380 sactum

126 2412 217 2440 esse
251 2412 416 2454 cense03
456 2399 495 2439 id
536 2400 698 2452 quidem
732 2399 891 2454 dubito,
930 2412 981 2440 an
1019 2401 1061 2439 iu
1103 2399 1346 2441 collocandis
1380 2400 1515 2440 verbis

1253 2468 1300 2505 Ο*
