1592 2612
616 122 824 160 GARMEN
848 123 915 160 ΠΙ.
1372 125 1463 168 255

104 231 175 265 525
200 228 242 264 te
272 223 421 277 legisse
452 237 591 279 crepa,
621 237 843 278 numquam
873 237 956 265 non
987 225 1122 266 invida
1154 227 1324 266 summis

202 286 466 338 emeritisque
497 286 610 326 viris.
672 285 825 326 Brenni
856 290 997 326 contra
1029 298 1140 326 arma
1172 285 1385 328 Camillum

196 345 337 398 profer
367 345 417 386 ab
449 345 571 386 exilio
602 345 923 400 Cincinnatoque
955 359 1121 387 secures

201 405 370 459 expulso
401 405 581 447 Caesone
613 407 723 447 refer
753 407 999 460 flentemque
1030 412 1242 460 parentem

198 478 221 506 a
251 468 397 507 rastris
429 467 479 507 ad
509 473 642 508 rostra
674 480 789 522 roga,
821 469 1052 521 miseroque
1084 467 1260 509 tumultu

99 534 172 568 530
196 525 301 580 pelle
331 529 466 582 prius,
498 541 600 581 quos
631 530 737 568 victa
767 533 900 583 petas3
932 530 969 568 si
999 530 1158 582 ruperit
1187 528 1308 582 Alpes

196 586 376 642 Poenus,
407 587 456 628 ad
489 588 660 629 afflictos
692 589 1060 642 condemnatosque
1093 601 1278 644 recurre3

198 647 410 702 improbus
441 653 488 689 ut
518 649 663 689 rubeat
692 649 862 690 Barcina
895 649 1007 690 clade
1038 649 1264 704 Metaurus,

193 707 387 749 multatus
418 709 494 749 tibi
525 709 666 750 consul
698 716 806 764 agat,
838 711 908 763 qui
940 709 1050 750 milia
1082 710 1256 751 fundens

190 767 475 824 Hasdrubalis,
506 770 674 811 rutilum
707 770 786 811 sibi
818 783 910 811 cum
942 770 1199 811 fabricaverit
1229 783 1388 826 ensem,

97 837 167 870 535
194 834 429 870 concretum
462 835 576 883 gerat
606 832 695 884 ipse
727 836 859 884 caput.
921 831 1038 884 longe
1071 831 1196 872 altera
1227 834 1357 872 nostri

195 891 323 942 gratia
354 890 497 931 iudicii
529 896 608 931 est:
641 893 720 932 scit
751 904 795 932 se
821 904 903 932 non
935 891 1069 932 laesus
1100 893 1237 932 amari.

255 950 334 991 Sed
365 963 456 991 mea
487 953 567 992 iam
597 953 714 992 nimii
744 952 976 1005 propellunt
1007 952 1172 993 carbasa
1203 952 1341 1007 flatus3

192 1012 310 1064 siste,
342 1009 535 1066 Camena,
566 1013 708 1053 modos
739 1018 902 1067 tenues,
933 1018 1176 1066 portumque
1208 1015 1364 1066 petenti

191 1072 272 1112 iam
302 1070 461 1124 placido
494 1073 632 1113 sedeat
663 1073 764 1114 mihi
795 1075 987 1114 carminis
1019 1086 1166 1114 ancora
1198 1074 1333 1114 fundo.

94 1139 166 1173 540
191 1136 232 1172 at
262 1136 410 1187 tamen,
443 1145 467 1172 o
497 1135 702 1188 princeps,
735 1146 837 1187 quae
863 1146 971 1175 nunc
1003 1134 1080 1174 tihi
1111 1134 1253 1175 classis
1279 1139 1319 1175 et
1344 1147 1455 1175 arma

189 1197 433 1247 tractentur,
471 1206 591 1247 quam
622 1207 768 1247 magua
798 1207 915 1247 geras
948 1207 1069 1248 quam
1100 1200 1284 1248 tempore
1317 1208 1454 1250 parvo,

189 1253 226 1293 si
256 1265 346 1293 mea
376 1259 468 1294 vota
499 1254 601 1295 deus
631 1255 891 1309 produxerit,
923 1255 1064 1296 ordine
1097 1261 1208 1296 recto

189 1318 258 1353 aut
288 1326 438 1366 genero
470 1314 535 1355 bis
566 1327 659 1356 mox
692 1321 760 1356 aut
791 1321 831 1356 te
863 1321 927 1356 ter
958 1316 1124 1357 consule
1157 1316 1300 1357 dicam.

188 1386 283 1414 nam
313 1374 433 1414 modo
466 1387 541 1415 nos
572 1377 653 1416 iam
680 1376 782 1416 festa
810 1382 972 1431 vocant,
997 1382 1038 1417 et
1063 1377 1112 1418 ad
1138 1376 1255 1430 Ulpia
1280 1383 1455 1431 poscunt

91 1441 162 1475 545
187 1438 229 1474 te
260 1434 365 1488 sora,
397 1435 565 1476 donabis
598 1449 700 1489 quos
727 1436 931 1491 libertate,
963 1436 1160 1491 Quirites,

189 1507 363 1547 quorum
395 1495 617 1547 gaudentes
650 1502 863 1549 exceptant
893 1497 1062 1538 verbera
1094 1498 1233 1538 malae.

186 1566 331 1608 perge,
361 1560 478 1608 pater
508 1558 683 1610 patriae,
715 1556 811 1597 felix
844 1562 963 1610 atque
997 1560 1130 1598 omine
1163 1559 1294 1599 fausto

189 1616 368 1668 captivos
401 1617 584 1657 vincture
616 1629 741 1657 novos
774 1617 935 1658 absolve
967 1623 1159 1659 vetustos.

718 1783 797 1827 III.

579 1865 647 1901 AD
672 1865 938 1903 LIBELLUM.

155 1939 261 1988 Quid
294 1941 445 1982 faceret
475 1941 600 1982 laetas
633 1948 810 1997 segetes,
843 1944 950 1997 quod
982 1948 1140 1997 tempus
1173 1945 1389 1986 amandum

245 2001 447 2042 messibus
480 2007 521 2042 et
552 2002 760 2058 gregibus,
792 2003 942 2044 vitibus
974 2010 1093 2058 atque
1126 2005 1288 2059 apibus,

157 2061 207 2102 ad
238 2061 481 2103 Maecenatis
514 2063 716 2116 quondam
751 2069 845 2105 sunt
876 2065 983 2105 edita
1015 2077 1180 2119 nomen3

248 2122 362 2177 hinc,
393 2122 525 2177 Maro,
556 2129 649 2176 post
680 2124 804 2165 audes
836 2138 947 2165 arma
979 2127 1191 2179 virumque
1223 2125 1345 2179 loqui.

105 2190 128 2223 5
154 2188 194 2222 at
224 2183 325 2223 mibi
355 2182 501 2223 Petrus
534 2185 612 2224 erit
643 2184 853 2226 Maecenas
885 2187 1079 2239 temporis
1112 2186 1251 2240 huius3

158 2309 195 2345 11
213 2314 283 2347 537
299 2312 366 2347 sed
379 2312 632 2358 Luetjohann,
657 2314 697 2349 et
709 2314 814 2350 codd.
834 2315 847 2361 u
866 2313 918 2350 ΙΙΙ
941 2319 958 2350 1
986 2314 1167 2350 mandam
1183 2314 1255 2361 1³⁸,
1281 2315 1447 2352 amando

60 2357 149 2401 21⁸3
182 2370 235 2395 an
265 2359 455 2396 amicum?
486 2361 533 2405 cf.
560 2360 653 2398 Stat.
679 2363 761 2399 silv.
788 2362 830 2409 V,
848 2365 887 2409 2,
906 2365 1013 2410 3Ssq.
1039 2362 1143 2409 quod
1175 2364 1327 2410 tempus
1354 2364 1448 2400 ami-

61 2416 148 2441 cum
173 2406 373 2444 fraudibus
424 2412 446 2444 5
472 2408 531 2456 at]
556 2408 629 2445 hoc
655 2410 705 2446 M
