1592 2612
161 125 248 168 110
646 120 794 157 LIBER
819 119 1046 165 QUINTUS.

159 226 414 280 complector,
446 224 760 265 maestissimum
792 223 939 262 inveni.
1004 221 1074 274 qui
1109 231 1354 273 quamquam
1385 220 1544 260 recenti

159 287 356 328 caelibatu
382 285 586 338 granditer
612 283 873 337 afficiebatur,
905 294 979 335 pro
1006 286 1045 321 te
1072 286 1207 321 tamen
1233 291 1377 333 parum
1404 280 1542 320 minus

159 349 300 388 anxius
341 351 443 399 erat3
487 344 654 385 timebat
698 345 806 383 enim
847 342 1161 396 verebaturque,
1205 352 1256 381 ne
1302 352 1425 393 quam
1464 339 1542 381 tibi

159 408 395 448 calumniam
427 405 546 446 turbo
578 404 813 445 barbaricus
847 407 914 444 aut
946 402 1133 443 militaris
1172 402 1435 442 concinnaret
1465 402 1541 441 im-

121 480 138 507 5
157 468 347 522 probitas.
398 465 437 507 2.
464 478 637 518 namque
659 465 869 505 confirmat
886 464 1080 516 magistro
1101 461 1278 503 militum
1298 461 1541 516 Chilperico,

157 528 488 568 victoriosissimo
520 528 620 580 viro,
659 525 788 565 relatu
819 529 1015 565 venenato
1050 523 1335 576 quorumpiam
1367 521 1540 563 scelera—

157 594 288 628 torum
328 588 451 627 fuisse
491 591 647 627 secreto
685 587 985 626 insusurratum
1022 589 1092 624 tuo
1131 585 1348 637 praecipue
1387 582 1541 623 machi-

156 653 251 689 natu
284 647 475 700 oppidum
500 647 746 687 Vasionense
772 645 956 699 partibus
988 646 1082 685 novi
1107 645 1306 698 principis
1333 643 1540 697 applicari.

157 711 191 749 si
220 708 315 761 quid
341 708 434 748 hinc
461 707 536 748 tibi
562 709 724 760 tuisque
752 707 996 759 suspicionis
1023 706 1232 759 incutitur,
1263 706 1412 758 raptim
1437 703 1538 744 doce

102 782 136 808 10
154 781 324 809 recursu
356 768 611 808 familiarium
643 769 893 821 paginarum,
925 779 976 806 ne
1009 765 1123 806 vohis
1156 764 1444 806 sollicitudinis
1470 769 1539 805 aut

154 830 405 882 praesentiae
438 841 550 868 meae
584 829 836 881 oportunitas
867 831 1019 880 pereat.
1078 838 1198 867 curae
1230 825 1331 866 mihi
1361 825 1539 879 peculia-

154 891 254 930 riter
281 891 370 943 erit,
403 890 437 929 si
465 889 561 941 quid
587 894 723 928 tamen
750 888 971 928 cavendum
998 886 1262 941 existimabis,
1288 890 1334 927 ut
1352 891 1392 927 te
1419 886 1540 926 faciat

155 955 222 990 aut
254 951 380 1002 gratia
413 951 624 1002 impetrata
658 962 847 989 securum
877 943 948 989 ⁴aut
977 947 1183 1001 explorata
1210 946 1419 988 iracundia
1446 959 1538 987 cau-

154 1012 311 1050 tiorem.
375 1009 473 1049 vale.

793 1139 892 1183 VH.

102 1228 136 1255 15
369 1222 598 1259 smomus
624 1222 928 1259 THAUMASTO
957 1221 1050 1258 suo
1078 1220 1321 1258 SALUTEM.

247 1297 284 1340 1.
317 1299 595 1352 Indagavimus
627 1300 802 1354 tandem,
834 1301 905 1352 qui
937 1299 1041 1353 apud
1075 1298 1320 1340 tetrarcham
1352 1302 1539 1338 nostrum

155 1361 336 1412 germani
366 1362 427 1400 tui
460 1365 499 1400 et
531 1374 552 1400 e
586 1360 742 1401 diverso
775 1361 951 1413 partium
983 1361 1078 1400 novi
1109 1359 1308 1413 principis
1341 1359 1540 1399 amicitias

156 1421 484 1474 criminarentur,
523 1423 557 1460 si
589 1426 722 1461 tamen
755 1421 875 1461 fidam
909 1420 1107 1461 sodalium
1139 1420 1398 1473 sagacitatem
1431 1418 1538 1459 clan-

155 1480 311 1520 destina
343 1480 567 1521 delatorum
598 1494 679 1521 non
706 1481 884 1522 fefellere
910 1483 1091 1534 vestigia.
1141 1480 1185 1521 hi
1210 1481 1405 1521 nimirum
1432 1483 1540 1533 sunt,

99 1555 134 1582 20
157 1546 200 1580 ut
231 1541 338 1581 idem
371 1554 505 1581 coram
536 1543 693 1595 positus
724 1542 884 1596 audisti,
918 1554 1019 1595 quos
1047 1554 1090 1582 se
1117 1540 1353 1582 iamdudum
1377 1541 1538 1594 perpeti

154 1602 260 1641 inter
299 1601 579 1642 clementiores
617 1602 810 1643 barbaros
844 1602 970 1643 Gallia
1003 1603 1138 1655 gemit.
1201 1601 1245 1642 hi
1284 1606 1395 1655 sunt,
1434 1612 1537 1653 quos

152 1662 296 1701 timent
334 1664 453 1702 etiam
493 1664 563 1715 qui
599 1664 805 1703 timentur.
868 1662 912 1703 hi
950 1668 1062 1717 sunt,
1106 1675 1207 1716 quos
1244 1662 1346 1702 haec
1383 1659 1536 1714 peculi-

154 1723 276 1761 ariter
306 1724 512 1774 provincia
537 1729 683 1777 manet,
716 1724 867 1763 inferre
895 1723 1116 1764 calumnias
1143 1723 1302 1763 deferre
1328 1733 1538 1775 personas,

154 1782 296 1821 afferre
341 1784 470 1822 minas
515 1783 673 1823 auferre
720 1783 979 1824 substantias.
1043 1782 1083 1825 2.
1115 1783 1159 1823 hi
1205 1788 1317 1837 sunt,
1362 1793 1535 1835 quorum

99 1854 134 1882 25
154 1841 308 1882 laudari
341 1843 453 1882 audis
486 1844 529 1882 in
562 1845 643 1883 otio
677 1846 960 1897 occupationes
992 1846 1035 1884 in
1073 1856 1172 1898 pace
1203 1843 1392 1897 praedas,
1430 1843 1539 1882 inter

154 1915 263 1942 arma
296 1902 408 1954 fugas
441 1904 548 1942 inter
579 1905 670 1943 vina
707 1906 908 1945 victorias.
959 1905 1001 1944 hi
1035 1909 1142 1958 sunt,
1176 1905 1245 1957 qui
1277 1915 1419 1943 causas
1450 1914 1536 1942 mo-

154 1967 294 2002 rantur
326 1962 494 2002 adhibiti
526 1964 751 2016 impediunt
782 1967 1072 2019 praetermissi,
1104 1964 1316 2005 fastidiunt
1341 1963 1537 2004 admoniti

154 2022 447 2063 obliviscuntur
485 2023 728 2076 locupletati.
791 2025 834 2065 hi
873 2031 977 2079 sunt,
1023 2027 1094 2078 qui
1132 2029 1272 2066 emunt
1308 2024 1402 2065 lites
1441 2035 1537 2063 ven—

154 2083 254 2123 dunt
292 2084 623 2138 intercessiones,
669 2084 862 2137 deputant
906 2086 1080 2126 arbitros
1125 2085 1338 2126 iudicanda
1384 2084 1536 2124 dictant

98 2158 134 2184 30
154 2143 301 2184 dictata
334 2143 573 2196 convellunt,
606 2144 821 2185 adtrabunt
847 2145 1073 2199 litigaturos
1099 2146 1342 2199 protrahunt
1368 2145 1534 2185 audien-

153 2204 238 2258 dos,
267 2203 433 2244 trahunt
459 2204 638 2244 addictos
665 2206 874 2246 retrahunt
900 2208 1180 2259 transigentes.
1231 2206 1275 2246 hi
1301 2210 1408 2260 sunt,
1434 2216 1536 2258 quos

251 2361 271 2392 7
297 2355 504 2402 praecipuo
538 2359 646 2402 (corr.
680 2358 723 2393 in
753 2357 956 2403 praecipue
983 2358 1122 2404 M²)M
1128 2359 1162 2395 T
1190 2360 1203 2405 ΙΙ
1235 2362 1256 2394 8
1287 2357 1534 2394 vassionense

152 2405 203 2440 M
210 2404 242 2442 Ο
255 2406 268 2451 11
290 2407 333 2440 18
360 2403 408 2452 si]
430 2405 495 2441 sed
520 2405 577 2452 011
597 2409 641 2440 21
669 2404 789 2450 gallia
807 2405 991 2443 barbaros
1015 2407 1045 2444 C
1060 2409 1072 2455 ΙΙ
1091 2411 1137 2442 23
1163 2406 1309 2455 manet]
1328 2407 1450 2442 meret
1470 2405 1505 2442 T
1520 2406 1534 2452 ΙΙ
1589 2438 1592 2440 .
