1592 2612
146 109 233 152 316
677 103 884 142 CARMEN
908 102 988 140 xv.

266 209 418 249 laevam
450 221 588 262 parma
619 209 718 260 tegit
750 206 933 259 Flegraei
964 204 1082 258 plena
1115 204 1330 246 tumultus:

266 270 332 309 hic
365 274 471 309 rotat
502 281 719 309 excussum
750 266 913 307 vibrans
944 267 986 305 in
1004 265 1154 310 >sidera
1185 265 1358 307 Pindum

267 329 504 383 Enceladus,
536 328 676 369 rabido
709 329 754 368 fit
785 325 953 367 missilis
986 325 1087 366 Ossa
1119 326 1327 381 Typhoe03

195 399 242 431 20
268 389 478 442 Porfyrion
510 389 690 442 Pangaea
723 389 846 441 rapit,
877 386 1180 440 Rhodopenque
1211 386 1421 428 Damastor

268 450 495 502 Strymonio
529 462 621 490 cum
654 450 762 489 sonte
795 448 915 501 levat,
948 449 1196 500 veniensque
1230 459 1405 501 superne

267 512 416 550 intorto
450 510 620 550 calidum
654 509 871 561 restinguit
902 508 1067 548 flumine
1101 508 1272 563 fulmen3

272 570 337 609 hic
369 570 497 610 Pallas
529 570 705 610 Pallanta
737 570 855 623 petit,
889 569 954 608 cui
987 568 1171 621 Gorgone
1204 570 1289 610 visa

268 632 422 670 invenit
454 630 626 671 solidum
658 632 737 670 iam
770 629 908 669 lancea
939 629 1053 670 tarda
1085 629 1272 684 cadaver3

197 698 241 731 25
268 691 333 730 hic
365 691 545 731 Lemnon
576 703 649 744 pro
683 691 806 730 fratre
833 689 975 730 Mimas
1009 694 1149 730 contra
1182 690 1322 743 aegida
1352 694 1528 745 torquet,

267 751 564 804 impulsumque
599 753 728 803 quatit
759 749 984 791 iaculabilis
1016 750 1148 791 insula
1180 750 1356 805 caelum;

267 811 465 864 plurimus
497 812 563 851 hic
595 812 784 851 Briareus
816 810 1012 864 populoso
1046 823 1214 864 corpore
1247 816 1417 866 pugnat,

269 876 476 924 cognatam
510 877 675 925 portans
709 873 856 924 aciem,
889 873 955 911 cui
987 873 1137 912 vertice
1170 871 1219 912 ab
1251 883 1333 912 uno

267 944 407 972 cernas
439 934 608 972 ramosis
641 931 792 985 palmas
825 931 1017 972 fruticare
1049 932 1222 972 lacertis.

196 1000 242 1032 30
268 1004 343 1032 nec
377 995 532 1045 species
566 993 669 1033 solas
703 994 914 1046 monstris,
948 992 1059 1033 dedit
1091 997 1176 1033 arte
1208 993 1388 1033 furorem

266 1052 461 1093 Mulciber
494 1058 611 1105 atque
646 1055 753 1105 ipsas
786 1054 921 1093 timuit
954 1066 1052 1106 quas
1086 1054 1256 1094 finxerat
1287 1055 1381 1094 iras.

268 1113 422 1152 hastam
457 1113 596 1153 dextra
629 1118 758 1167 tenet,
790 1126 921 1166 nuper
954 1126 1073 1166 quam
1105 1113 1206 1154 valle
1238 1113 1455 1166 Aracynthi

269 1174 356 1225 ipsa
390 1173 467 1213 sibi
498 1176 627 1226 posita
660 1173 788 1213 Pallas
821 1175 1021 1226 protraxit
1053 1173 1167 1214 oliva.

267 1232 343 1272 hoc
377 1238 542 1273 steterat
574 1235 709 1287 genio,
743 1246 864 1287 super
895 1239 940 1275 ut
971 1236 1138 1287 vestigia
1171 1235 1284 1274 divae

195 1301 242 1333 35
271 1292 409 1333 labens
442 1294 643 1334 distendat
674 1294 921 1335 Marathonia
952 1294 1051 1335 baca
1082 1299 1270 1348 trapetas.

330 1353 404 1393 Hic
436 1354 515 1394 duo
547 1354 695 1408 templa
721 1356 889 1410 micant3
923 1368 1095 1408 quorum
1123 1356 1398 1409 supereminet
1422 1367 1529 1396 unus

272 1418 317 1452 ut
348 1415 504 1454 meritis
538 1417 596 1455 sic
630 1415 724 1455 sede
756 1415 887 1470 locus,
921 1418 990 1469 qui
1023 1418 1202 1457 continet
1233 1415 1311 1456 alta

273 1479 497 1514 scrutantes
530 1477 686 1515 ratione
719 1477 846 1530 viros,
879 1477 975 1529 quid
1007 1477 1191 1517 machina
1223 1475 1341 1530 caeli,

270 1534 364 1585 quid
397 1534 535 1589 tellus,
568 1536 664 1588 quid
698 1536 804 1576 fossa
836 1539 978 1592 maris,
1012 1537 1108 1590 quid
1141 1536 1330 1578 turbidus
1361 1548 1448 1591 aer,

198 1602 244 1634 40
272 1594 367 1646 quid
400 1597 529 1635 noctis
562 1595 743 1648 lucisque
777 1598 904 1652 vices,
938 1598 1034 1650 quid
1066 1602 1274 1638 menstrua
1306 1596 1423 1638 lunae

267 1655 514 1695 incrementa
546 1661 706 1709 parent,
738 1657 907 1697 totidem
939 1671 1012 1698 cur
1045 1658 1189 1699 damna
1222 1661 1453 1711 sequantur.

267 1714 377 1754 ilicet
409 1715 474 1755 hic
508 1718 654 1756 summi
686 1717 866 1757 resident
899 1724 1054 1771 septem
1087 1721 1308 1773 sapientes,

269 1775 625 1816 innumerabilium
656 1778 877 1829 primordia
909 1779 1260 1833 philosophorum:

267 1834 412 1875 Thales
438 1835 572 1876 Mileto
606 1839 765 1888 genitus
798 1839 1024 1880 vadimonia
1057 1840 1235 1894 damnat3

196 1902 242 1934 45
269 1893 410 1935 Lindie
444 1901 487 1936 tu
521 1896 708 1937 Cleobule
742 1897 877 1953 iubes,
908 1900 1052 1940 modus
1087 1902 1263 1954 optimus
1294 1904 1341 1940 ut
1372 1899 1443 1953 sit;

246 2049 288 2081 19
315 2046 450 2082 rabido
482 2059 546 2095 eqo
581 2050 682 2093 (item
707 2050 987 2097 Luetjohann);
1017 2052 1154 2099 rapido
1181 2053 1284 2090 codd.
1318 2054 1330 2099 ΙΙ
1361 2055 1408 2088 20
1434 2051 1526 2087 ada-

145 2094 291 2129 mastor
318 2094 366 2139 0,-
392 2097 438 2140 cf.
469 2096 675 2147 Claudiam.
698 2098 918 2145 XXXVII,
938 2105 1010 2138 101
1029 2104 1042 2147 fl
1067 2106 1111 2137 21
1139 2100 1245 2137 fonte
1271 2101 1403 2148 vulqo;
1427 2099 1527 2137 forte

146 2143 249 2179 codd.
272 2144 278 2187 Ι
302 2145 553 2198 supernus-P
580 2146 593 2191 ΙΙ
624 2149 671 2181 24
698 2158 749 2182 cm
774 2146 968 2184 inveniet?
1000 2152 1011 2196 ΙΙ
1044 2153 1087 2185 31
1115 2149 1260 2185 fecerat
1287 2150 1321 2186 T
1342 2151 1355 2195 {l
1380 2152 1426 2184 32
1453 2159 1530 2194 qua.

144 2189 231 2226 vale
257 2190 295 2226 P
315 2192 327 2236 ΙΙ
353 2194 398 2226 33
426 2194 594 2237 posltam
623 2194 659 2228 P
680 2196 684 2238 1
707 2194 902 2241 paulisper
928 2197 1047 2233 traxit-
1072 2198 1159 2244 PT,
1185 2198 1383 2244 plausiper
1407 2195 1531 2232 traxit

148 2239 190 2275 F
205 2240 217 2286 Ι]
237 2242 284 2274 34
310 2250 422 2285 super
446 2241 505 2288 ut]
534 2252 646 2287 super
668 2242 759 2287 PF,
789 2255 903 2290 supra
925 2245 982 2291 011
1003 2249 1048 2282 35
1074 2246 1208 2282 labens
1235 2244 1433 2281 distendat
1452 2255 1529 2292 eqo,

145 2286 321 2323 labentes
341 2288 474 2324 teneat
493 2289 596 2326 codd.
621 2289 626 2336 Ι
644 2295 729 2336 post
750 2303 782 2328 v.
799 2294 845 2328 35
867 2295 1047 2339 quaedam
1067 2295 1298 2331 intercidisse
1315 2294 1530 2340 suspicatur

144 2335 385 2431 Liocliztjcfihann
404 2337 415 2382 ΙΙ
435 2340 481 2372 39
508 2338 553 2382 cf.
569 2338 750 2376 Prudent.
769 2341 863 2377 cath.
878 2341 954 2387 IX,
967 2345 1015 2378 14
1041 2342 1145 2378 fossa
1163 2341 1273 2389 ponti
1291 2343 1304 2389 fl
1323 2345 1370 2378 44
1394 2341 1528 2378 mileto

143 2395 184 2421 co
240 2414 247 2420 .
