1592 2612
195 148 426 188 SIDONIUS
450 148 650 187 DOMINO
675 149 840 186 PAPAE
866 149 1066 188 GRAECO
1092 149 1335 187 SALUTEM.
1397 149 1486 192 133

738 321 838 365 VH.

203 403 434 442 SIDONIUS
459 404 659 442 DOMINO
685 404 848 441 PAPAE
874 404 1095 442 FONTEIO
1122 403 1368 441 SALUTEM.

187 480 225 522 1.
253 481 297 522 Si
321 480 474 535 aliquid
500 482 550 522 ad
575 482 843 523 inchoandam
863 483 1034 535 gratiam
1054 482 1285 536 compendii
1309 483 1486 535 posteris

93 541 238 584 tribuit
277 543 537 583 necessitudo
580 545 807 596 praemissa
845 544 1072 597 seniorum,
1118 555 1192 596 ego
1235 555 1396 596 quoque
1436 543 1487 583 ad

92 602 341 657 apostolatus
378 604 439 644 tui
478 605 665 644 notitiam
702 603 929 657 pleniorem
967 616 1061 644 cum
1098 605 1377 657 praerogativa
1416 603 1485 643 do-

91 665 286 705 mesticae
323 663 609 705 familiaritatis
647 664 808 705 accedo.
871 677 966 704 nam
1002 666 1061 705 sic
1092 669 1132 704 te
1165 664 1340 705 familiae
1371 676 1486 704 meae
1523 674 1543 702 5

91 723 388 766 validissimum
414 726 458 765 in
478 724 639 766 Christo
661 737 822 778 semper
841 730 1058 778 patronum
1084 725 1212 765 fuisse
1229 717 1488 779 reminiscor,

92 790 139 826 ut
176 786 374 826 amicitias
413 790 505 826 tuas
542 798 625 826 non
663 791 746 826 tam
784 785 1031 838 expetendas
1072 785 1174 826 mihi
1213 798 1334 839 quam
1370 798 1488 838 repe-

92 845 237 886 tendas
267 850 420 899 putem.
452 846 517 886 his
549 846 736 901 adicitur,
769 846 877 899 quod
909 846 1196 899 indignissimo
1228 846 1330 887 mihi
1358 847 1488 899 impo-

96 908 221 947 situm
253 906 517 947 sacerdotalis
548 919 698 947 nomen
730 907 855 947 officii
888 907 1106 960 confugere
1139 919 1204 947 me
1237 907 1286 947 ad
1318 919 1489 961 precum

92 972 322 1008 vestrarum
364 967 567 1020 praesidia
612 967 834 1021 compellit,
878 972 924 1008 ut
967 967 1098 1008 adhuc
1142 967 1352 1008 ulcerosae
1394 980 1488 1008 con·
1507 978 1544 1005 ιο

94 1029 290 1068 scientiae
326 1028 450 1068 nimis
491 1027 627 1069 hiulca
658 1027 824 1068 vulnera
862 1033 998 1068 vestro
1031 1028 1166 1068 saltim
1198 1029 1488 1068 cicatricentur

93 1093 222 1129 oratu.
284 1086 325 1128 2.
364 1093 612 1142 quapropter
654 1101 719 1129 me
763 1101 959 1142 meosque
1006 1089 1294 1129 commendans
1341 1094 1382 1129 et
1420 1101 1488 1129 ex-

93 1161 241 1190 cusans
272 1148 430 1190 litteras
461 1151 640 1190 seriores
671 1149 880 1202 granditer
906 1149 1089 1204 obsecro,
1120 1155 1166 1190 ut
1191 1150 1488 1190 intercessione

93 1213 301 1264 consueta,
332 1211 450 1250 cuius
475 1209 632 1250 viribus
663 1211 839 1250 immane
866 1209 1041 1265 polletis,
1073 1209 1274 1250 clericalis
1305 1211 1489 1251 tirocinii

91 1271 136 1311 in
167 1269 286 1310 nobis
317 1272 518 1323 reptantia
551 1271 781 1311 rudimenta
812 1272 1022 1325 tueamini,
1057 1276 1115 1325 ut,
1148 1272 1184 1311 si
1217 1271 1314 1323 quid
1346 1270 1486 1324 digna·
1508 1280 1543 1308 15

91 1330 204 1371 bitur
235 1330 285 1371 de
316 1343 478 1371 morum
509 1333 706 1384 pravitate
738 1336 974 1372 nostrorum
999 1331 1266 1372 immutabilis
1300 1331 1368 1372 dei
1398 1344 1488 1372 mu-

92 1396 181 1432 tare
208 1390 434 1445 clementia,
465 1396 596 1432 totum
622 1392 664 1432 id
691 1393 978 1446 suffragiorum
1003 1397 1235 1433 vestrorum
1260 1393 1487 1446 patrocinio

94 1451 327 1492 debeamus.
378 1464 535 1492 memor
566 1454 697 1493 nostri
730 1465 820 1493 esse
854 1453 1035 1507 dignare,
1067 1453 1229 1493 domine
1262 1466 1376 1506 papa.

729 1618 852 1662 VIII.

216 1700 446 1738 SIDONIUS
471 1700 669 1738 DOMINO
694 1700 859 1737 PAPAE
886 1701 1085 1738 GRAECO
1113 1700 1357 1738 SALUTEM.

188 1776 227 1818 1.
276 1778 447 1831 Apicum
498 1777 654 1818 oblator
703 1791 926 1832 pauperem
975 1780 1098 1819 vitam
1149 1777 1234 1818 sola
1276 1777 1487 1818 mercandi
1505 1789 1542 1816 20

95 1839 253 1880 actione
292 1843 509 1893 sustentat3
547 1851 628 1879 non
666 1838 725 1879 illi
763 1844 826 1879 est
858 1839 1066 1892 opificium
1099 1839 1304 1892 quaestui,
1343 1837 1488 1878 militia

96 1899 320 1954 commodo,
352 1899 509 1939 cultura
535 1900 794 1954 compendio3
827 1898 940 1953 <ob>
964 1900 1042 1940 hoc
1067 1901 1214 1953 ipsum,
1247 1898 1354 1951 quod
1380 1911 1487 1938 mer-

96 1961 299 2000 cennariis
319 1960 676 2012 prosecutionibus
697 1965 738 2000 et
756 1960 941 2001 locaticia
960 1960 1193 2013 fatigatione
1215 1960 1488 2013 cognoscitur,

96 2021 200 2061 fama
233 2020 398 2073 quidem
431 2032 503 2060 sua
536 2020 607 2061 sed
646 2020 814 2062 facultas
847 2022 996 2061 crescit
1027 2020 1169 2061 aliena.
1234 2019 1305 2060 sed
1338 2024 1487 2073 tamen,

97 2082 289 2134 quoniam
321 2080 380 2120 illi
411 2080 512 2121 fides
544 2093 687 2133 magna
719 2086 799 2135 est,
841 2083 918 2122 etsi
950 2094 1071 2134 parva
1105 2080 1348 2134 substantia,
1387 2092 1485 2132 quo-
1505 2091 1543 2119 25

95 2143 203 2181 tiens
236 2153 328 2182 cum
361 2142 548 2194 pecuniis
581 2144 863 2195 quorumpiam
896 2141 1043 2195 catapli
1073 2142 1250 2182 recentis
1283 2140 1485 2181 nundinas

96 2201 198 2255 adit,
236 2201 509 2242 creditoribus
547 2201 651 2242 bene
690 2202 867 2243 credulis
907 2202 991 2243 sola
1030 2202 1196 2255 deponit
1227 2213 1387 2241 morum
1419 2213 1487 2242 ex-

96 2263 323 2316 perimenta
354 2274 428 2315 pro
462 2263 643 2315 pignore.
695 2261 734 2303 2.
767 2264 875 2303 inter
904 2262 1139 2303 dictandum
1164 2261 1265 2302 mihi
1290 2263 1367 2302 ista
1393 2274 1486 2315 sug-

197 2394 215 2425 1
244 2389 406 2426 Fontelo
433 2390 484 2425 M
489 2390 560 2426 CT
588 2392 600 2436 [1
633 2394 678 2426 ‘22
707 2390 756 2427 ob
783 2392 934 2428 addidit
960 2391 1220 2436 Luetjohavm,
1245 2402 1314 2427 om.
1341 2391 1448 2428 codd.
1483 2390 1487 2437 ξ

100 2442 148 2474 25
174 2449 295 2484 parva.
319 2450 387 2475 om.
418 2439 542 2484 0112?
570 2438 833 2485 experimenta
857 2450 1005 2475 morum
1034 2438 1066 2475 0
1080 2441 1092 2486 ss
