1592 2612
140 111 228 156 296
675 107 882 146 CARMEN
905 109 969 147 IX.

355 215 397 253 in
429 213 596 252 formam
629 212 759 264 redigi
789 211 905 252 iubes
936 211 1078 266 libelli,

356 273 558 325 ingentem
592 272 711 312 simul
743 277 783 312 et
815 277 981 325 repente
1014 273 1164 313 fascem

356 334 521 373 conflari
552 333 724 372 invidiae
758 337 797 373 et
828 334 963 385 perire
996 331 1205 374 chartam?

354 394 550 433 mandatis
583 393 769 447 famulor,
802 393 872 433 sed
905 398 996 434 ante
1028 398 1174 448 testor,

286 463 328 495 15
355 453 480 494 lector
513 466 610 506 quas
641 455 807 506 patieris
838 453 904 494 hic
937 453 1126 494 salebras.

414 513 502 554 Non
533 526 607 553 nos
640 516 841 554 currimus
874 527 1061 567 aggerem
1092 520 1296 556 vetustum

353 587 429 626 nec
462 575 674 627 quicquam
709 576 907 628 invenies,
940 575 1009 615 ubi
1040 577 1224 628 priorum

354 636 537 687 antiquas
568 639 673 675 terat
705 634 855 675 orbitas
888 635 1036 676 Thalia.

352 707 434 735 non
464 695 530 735 hie
563 695 771 748 antipodas
805 695 1012 749 salumque
1046 695 1234 752 rubrum,

282 764 326 796 20
353 768 434 795 non
465 755 531 795 hic
563 755 812 796 Memnonios
845 769 1034 797 canemus
1066 756 1186 798 Indos

351 816 527 856 Aurorae
561 816 645 856 face
679 818 807 857 civica
838 822 1046 872 perustos3

351 889 431 916 non
463 877 669 929 Artaxata,
703 877 822 931 Susa,
854 877 1015 932 Bactra,
1049 878 1242 934 Carrhas,

349 949 430 976 non
463 942 616 976 coctam
647 937 847 990 Babylona
878 938 1122 993 personabo,

356 1010 456 1050 quae
489 996 643 1050 largum
677 997 797 1038 fluvio
829 1003 972 1051 patens
1005 999 1166 1040 alumno

283 1066 327 1098 25
354 1057 555 1097 inclusum
586 1057 688 1098 bibit
720 1058 814 1098 hinc
846 1064 886 1099 et
917 1059 1011 1099 inde
1044 1059 1208 1113 Tigrim.

352 1130 434 1157 non
465 1118 531 1158 hic
563 1117 737 1171 Assyriis
770 1118 919 1160 Ninum
951 1122 1148 1175 priorem,

350 1191 431 1218 non
462 1178 588 1218 Medis
621 1184 740 1232 caput
770 1179 952 1221 Arbacen
983 1180 1190 1235 profabor,

351 1251 426 1278 nec
459 1251 577 1290 quam
610 1239 749 1293 divite,
782 1253 874 1280 cum
905 1241 1054 1293 refugit
1085 1241 1263 1297 hostem,

354 1299 452 1338 arsit
484 1299 789 1352 Sardanapallus
822 1302 863 1340 in
897 1301 1038 1342 favilla.

279 1367 324 1399 30
350 1371 432 1398 non
465 1359 611 1411 Cyrum
643 1360 825 1413 Astyagis
852 1361 994 1414 loquar
1024 1367 1232 1417 nepotem,

350 1420 546 1459 nutritum
578 1420 701 1460 ubere
736 1434 856 1474 quem
888 1423 1024 1463 ferunt
1056 1424 1219 1478 canino,

350 1481 464 1519 cuius
497 1493 578 1520 non
610 1481 732 1521 valuit
763 1484 1023 1535 rapacitatem

351 1539 410 1579 vel
442 1539 541 1592 Lydi
573 1543 717 1582 satiare
743 1555 837 1594 gaza
869 1543 1026 1598 Croesi3

351 1601 465 1640 cuius
497 1613 571 1640 nec
604 1602 742 1642 feritas
776 1603 940 1644 subacta
974 1609 1071 1645 tunc
1104 1609 1183 1659 est,

279 1666 323 1699 35
352 1662 478 1699 caesis
510 1661 673 1702 milibus
706 1668 796 1703 ante
830 1677 921 1704 cum
954 1665 1138 1705 ducentis

350 1720 392 1759 in
425 1720 537 1760 vallis
570 1721 776 1774 Scythicae
810 1730 971 1765 coactus
1004 1730 1135 1766 artum

351 1779 510 1820 orbatae
544 1782 591 1820 ad
624 1782 806 1835 Tomyris
839 1787 995 1826 veniret
1026 1791 1169 1826 utrem.

410 1839 498 1880 Non
530 1841 595 1881 hic
628 1842 845 1896 Cecropios
878 1845 987 1898 leges
1020 1846 1268 1900 triumphOS,

349 1899 410 1939 vel
444 1902 478 1940 si
511 1914 589 1953 quo
621 1902 826 1944 Marathon
858 1906 976 1946 rubet
1007 1906 1158 1961 duello,

276 1967 322 2000 40
350 1965 434 2014 aut,
468 1974 557 2001 cum
590 1963 699 2002 milia
730 1964 838 2004 mille
872 1968 1109 2021 concitaret,

349 2020 530 2060 inflatum
569 2025 857 2064 numerositate
888 2026 1068 2082 Xerxen,

349 2084 467 2132 atque
500 2082 607 2122 hunc
640 2083 873 2125 fluminibus
907 2089 1003 2127 satis
1035 2087 1247 2140 profundis

350 2141 559 2181 confestim
594 2143 755 2183 ebibitis
789 2145 916 2186 adhuc
949 2149 1102 2202 sitisse3

350 2213 425 2240 nec
457 2214 537 2241 non
571 2203 856 2257 Thermopylas
890 2212 929 2246 et
960 2207 1094 2248 Helles
1126 2208 1255 2249 undas

278 2268 322 2300 45
350 2263 497 2313 spretis
531 2262 712 2304 obicibus
746 2264 821 2304 soli
854 2266 1006 2320 salique

229 2391 272 2423 19
300 2399 368 2425 om.
389 2389 427 2424 P
443 2390 454 2435 ΙΙ
474 2394 520 2425 44
546 2391 676 2427 Helles
703 2393 795 2429 Luc.
817 2394 998 2431 Mueller:
1024 2396 1138 2432 hellis
1168 2396 1294 2442 ΟΥΕ,
1320 2396 1419 2432 helis
1445 2397 1512 2445 ΡΗ
