1592 2612
125 111 146 152 1
157 109 214 151 14
612 107 758 143 LIBER
784 106 1009 151 QUINTUS.

121 210 244 250 fuerit
275 221 396 250 causa
427 209 677 263 concordiae,
717 208 823 261 quod
856 208 929 248 filii
962 210 1183 249 amicorum
1216 221 1508 251 commemora—

120 270 277 310 bantur.
340 272 382 310 in
418 271 648 322 principatu
679 268 948 309 Valentiniani
980 270 1237 322 imperatoris
1270 282 1376 311 unus
1409 270 1503 311 Gal-

120 330 266 370 liarum
296 321 470 383 praefuit
500 331 618 384 parti,
662 329 762 369 alter
795 329 1006 384 soliditati3
1040 329 1110 369 sed
1144 331 1199 370 ita
1231 342 1274 370 se
1308 331 1502 384 quodam-

120 390 238 430 modo
259 390 366 430 tituli
386 389 595 429 amborum
621 391 948 443 compensatione
968 390 1145 430 fraterna
1164 390 1507 447 ponderaverunt,

82 463 100 489 5
120 456 164 490 ut
194 452 307 503 prior
339 451 460 490 fuerit
497 450 667 490 fascium
699 455 881 503 tempore
915 451 985 503 qui
1017 454 1103 491 erat
1134 452 1338 504 posterior
1370 452 1502 506 digni-

117 515 210 551 tate.
274 509 312 551 3.
345 514 508 550 ventum
549 510 597 550 ad
636 523 710 550 nos
748 510 789 550 id
828 516 890 551 est
927 516 1091 551 ventum
1133 516 1195 552 est
1233 511 1282 552 ad
1321 517 1505 568 nepotes,

120 583 219 624 quos
257 570 314 610 nil
346 571 528 611 decuerit
563 570 655 624 plus
695 583 853 625 cavere,
899 584 1018 624 quam
1048 566 1107 612 ‘ne
1145 576 1359 625 parentum
1398 575 1504 614 anti-

118 643 367 684 quorumque
411 635 646 671 nostrorum
686 644 760 684 per
799 644 874 672 nos
918 632 1022 672 forte
1067 632 1252 673 videatur
1295 635 1502 687 antiquata

118 691 290 731 dilectio.
354 690 402 730 ad
434 691 510 731 hoc
541 693 584 731 in
624 691 797 732 similem
835 692 1148 734 familiaritatem
1186 698 1349 746 praeter
1383 694 1501 735 here-

63 764 99 790 10
117 752 302 791 ditariam
345 753 663 804 praerogativam
712 752 931 793 multifaria
976 755 1249 806 oportunitate
1293 755 1503 808 compelli-

115 824 223 852 mur:
257 816 364 851 aetas
393 813 606 865 utriusque
632 825 714 852 non
740 814 875 853 minus
901 815 1039 854 iuncta
1065 827 1186 867 quam
1211 816 1359 870 patria3
1391 828 1501 857 unus

115 885 187 912 nos
231 873 412 912 exercuit
449 871 586 926 ludus,
630 874 822 926 magister
866 875 1060 929 instituit3
1104 887 1185 915 una
1228 887 1303 916 nos
1347 875 1500 917 laetitia

115 931 314 986 dissolvit,
359 934 552 973 severitas
591 933 815 988 cohercuit,
854 934 1068 988 disciplina
1106 936 1303 976 formavit.
1371 935 1413 978 4.
1447 937 1500 978 de

115 997 262 1046 cetero,
302 994 337 1032 si
369 992 468 1033 deus
501 995 641 1034 annuit
672 996 715 1034 in
747 996 863 1035 annis
895 997 976 1036 iam
1009 998 1230 1037 senectutis
1262 998 1378 1038 initia
1409 997 1501 1051 pul-

61 1065 95 1092 15
115 1052 309 1106 santibus,
348 1055 487 1107 simus,
524 1056 603 1094 nisi
635 1056 808 1109 respuis,
841 1057 997 1096 animae
1030 1056 1150 1111 duae,
1189 1059 1348 1098 animus
1379 1070 1502 1113 unus,

114 1113 421 1166 imbuamusque
454 1114 602 1154 liberos
636 1116 809 1155 invicem
849 1116 1063 1169 diligentes
1101 1117 1210 1162 idem
1242 1117 1344 1158 velle
1376 1118 1499 1173 nolle,

114 1173 299 1226 refugere
342 1175 499 1214 sectari.
568 1175 644 1215 hoc
684 1180 843 1228 patrum
885 1189 980 1217 vero
1021 1179 1101 1218 iam
1144 1190 1265 1231 supra
1304 1183 1415 1233 vota,
1461 1181 1498 1219 si

114 1246 187 1286 per
229 1233 439 1274 Rusticum
479 1234 828 1289 Apollinaremque
874 1250 1115 1290 proavorum
1159 1238 1496 1292 praedicabilium

114 1299 195 1333 tam
227 1294 498 1335 reformentur
530 1296 649 1336 corda
683 1309 801 1349 quam
833 1299 1008 1338 nomina.
1070 1299 1167 1339 vale.

776 1452 829 1496 X.

57 1546 94 1572 20
363 1530 589 1568 SIDONIUS
616 1532 843 1571 SAPAUDO
872 1535 965 1573 SUO
993 1535 1238 1574 SALUTEM.

208 1606 242 1647 1.
277 1607 319 1647 Si
352 1608 447 1660 quid
479 1610 641 1649 omnino
667 1610 919 1664 Pragmatius
945 1612 1129 1668 illustris,
1162 1614 1238 1654 hoc
1268 1615 1376 1654 inter
1401 1614 1499 1655 reli-

113 1679 212 1720 quas
244 1669 366 1707 animi
403 1670 572 1709 virtutes
605 1673 755 1723 optime
795 1673 907 1727 facit,
947 1674 1053 1726 quod
1092 1686 1229 1714 amore
1269 1674 1495 1716 studiorum

111 1732 151 1767 te
186 1727 442 1780 singulariter
474 1735 590 1784 amat,
622 1732 665 1770 in
698 1744 776 1784 quo
807 1733 891 1772 solo
918 1734 981 1774 vel
1006 1747 1193 1775 maxume
1221 1736 1401 1775 animum
1427 1736 1498 1776 ad—

113 1789 234 1827 vertit
283 1790 444 1828 veteris*
481 1792 649 1842 peritiae
701 1792 1013 1847 diligentiaeque
1063 1795 1267 1835 resedisse
1313 1797 1496 1849 vestigia.

59 1858 96 1885 25
116 1848 303 1901 equidem
334 1861 416 1888 non
448 1851 595 1890 iniuria
626 1851 702 1891 tibi
739 1853 871 1894 fautor
907 1860 985 1910 est3
1023 1868 1117 1895 nam
1156 1855 1327 1896 debetur
1364 1855 1413 1896 ab
1446 1869 1497 1896 eo

112 1910 375 1961 percopiosus
414 1908 560 1950 litteris
598 1911 738 1953 honor.
801 1912 841 1954 2.
874 1914 982 1956 hunc
1021 1915 1116 1955 olim
1153 1921 1414 1969 perorantem
1453 1921 1497 1957 et

112 1968 315 2008 rhetorica
348 1969 488 2009 sedilia
519 1970 723 2023 plausibili
763 1976 942 2015 oratione
975 1976 1228 2029 frangentem
1261 1988 1378 2017 socer
1410 1976 1496 2017 elo-

113 2041 242 2081 quens
280 2028 386 2069 ultro
420 2030 462 2069 in
500 2030 690 2071 familiam
730 2036 940 2086 patriciam
978 2036 1164 2091 adscivit,
1209 2036 1305 2077 licet
1345 2036 1406 2077 illi
1444 2037 1496 2078 ad

208 2147 229 2180 5
255 2144 372 2181 fuerit
398 2157 464 2182 om.
495 2146 526 2183 G
557 2148 562 2193 Ι
596 2148 768 2194 tempore
794 2150 884 2186 LN
893 2152 981 2188 VM
986 2152 1078 2198 TF,
1103 2153 1166 2188 vel
1193 2154 1328 2190 tenore
1354 2152 1492 2190 melius

109 2193 196 2230 aad.
219 2193 295 2238 ΜΞ,
321 2193 385 2229 vel
409 2195 542 2230 tenore
568 2197 656 2232 add.
682 2198 724 2232 in
750 2209 864 2245 mary.
889 2200 951 2245 ΤΞ,
976 2202 1108 2237 tenore
1139 2201 1214 2238 GP
1229 2204 1241 2246 ΙΙ
1261 2205 1283 2236 6
1309 2202 1374 2238 alt.
1401 2213 1493 2238 ven-

108 2242 192 2277 tum
219 2242 278 2277 est
304 2252 371 2279 om.
401 2243 436 2278 T
460 2245 472 2287 ss
502 2246 522 2278 7
548 2243 634 2289 plus
661 2244 832 2282 decuerit
859 2246 891 2283 0
917 2249 928 2294 Η
961 2252 1005 2284 11
1032 2250 1231 2295 utriusque
1257 2250 1304 2286 N
1314 2250 1406 2286 VM
1411 2250 1495 2296 GT,

108 2289 262 2335 utrique
288 2290 324 2325 L
342 2291 354 2336 ΙΙ
375 2293 420 2326 16
447 2290 652 2338 diligenter
680 2293 948 2338 Wilamowitz‚·
973 2299 1036 2334 sed
1060 2299 1106 2343 cf.
1134 2310 1188 2344 ep.
1217 2299 1308 2344 VII,
1328 2301 1365 2344 6,
1383 2303 1404 2334 1
1431 2298 1489 2335 in-

108 2337 231 2374 vicem
258 2337 454 2384 diligimus
474 2341 486 2386 ΙΙ
506 2344 547 2375 21
577 2340 673 2376 bene
700 2342 766 2388 leq.
787 2347 873 2388 post
899 2345 1052 2381 omnino
1078 2358 1105 2382 s.
1128 2347 1152 2382 l.
1178 2348 1222 2383 in
1246 2345 1384 2393 M¹P¹,
1403 2350 1495 2393 post

108 2385 270 2423 illustris
296 2388 338 2423 in
366 2387 406 2432 0,
432 2398 498 2424 om.
521 2388 609 2425 LN
619 2389 738 2425 VTF
755 2391 766 2436 ΙΙ
787 2394 832 2426 25
858 2390 1063 2430 iniuriatur
1088 2394 1216 2431 fautor
1245 2394 1277 2431 O
1290 2397 1302 2442 ΙΙ
