1592 2612
90 122 325 162 SIDONIUS
345 122 590 160 SIMPLICIO
610 123 676 159 ΕΤ
695 121 1000 160 APOLLINARI
1021 122 1127 160 SUIS
1147 122 1395 159 SALUTEM.
1429 122 1489 168 87

738 282 837 326 XII.

125 366 357 405 SIDONIUS
383 366 631 404 SIMPLICIO
657 365 722 403 ΕΤ
747 365 1051 403 APOLLINARI
1076 366 1183 404 SUIS
1211 366 1456 405 SALUTEM.

185 443 224 486 l.
255 443 363 485 Deus
394 443 519 499 bone,
558 449 753 497 quantum
785 444 1043 497 naufragioso
1082 444 1224 498 pelago
1264 445 1487 485 conformis

89 511 156 548 est
191 510 326 546 motus
365 506 611 559 animorum,
653 506 803 558 quippe
843 518 935 545 cum
974 506 1212 545 nuntiorum
1249 505 1485 546 turbinibus

89 567 272 608 adversis
305 567 424 620 quasi
454 567 620 619 propria
651 570 893 618 tempestate
927 565 1207 607 confunditur!
1245 579 1377 620 nuper
1409 579 1484 620 ego

90 628 280 681 filiusque
322 627 550 667 communis
590 626 857 667 Terentianae
889 626 1069 680 Hecyrae
1109 626 1214 667 sales
1252 627 1484 668 ruminaba-
1520 643 1542 670 5

89 701 200 744 mus3
233 687 415 728 studenti
447 686 676 727 assidebam
701 692 869 727 naturae
897 689 1123 728 meminens
1150 693 1191 728 et
1215 688 1484 741 professionis

90 749 255 803 oblitus,
288 760 449 802 quoque
482 747 708 788 absolutius
740 747 950 801 rhythmos
977 750 1154 789 comicos
1181 750 1348 789 incitata
1373 749 1484 790 doci-

90 810 203 851 litate
238 813 492 863 sequeretur,
524 809 612 862 ipse
644 810 767 849 etiam
799 808 975 849 fabulam
1008 809 1154 849 similis
1180 811 1410 862 argumenti
1442 809 1483 850 id

88 875 153 912 est
176 869 484 924 Epitrepontem
509 868 720 909 Menandri
745 870 789 909 in
820 869 1008 910 manibus
1034 869 1244 910 habebam.
1303 869 1343 911 2.
1376 870 1483 924 lege-

88 931 234 972 bamus
278 931 432 984 pariter
475 929 737 970 laudabamus
781 930 1095 984 iocabamurque
1141 936 1199 985 et,
1245 944 1347 984 quae
1392 937 1484 972 vota
1503 947 1540 974 ιο

88 992 322 1034 communia
348 995 455 1045 sunt,
487 990 602 1031 illum
621 989 755 1045 lectio,
787 1003 851 1032 me
879 990 946 1032 ille
974 991 1169 1046 capiebat,
1196 1005 1289 1032 cum
1313 997 1482 1045 repente

88 1066 194 1107 puer
226 1051 437 1093 familiaris
470 1051 627 1091 adstitit
657 1051 880 1092 vultuosus.
939 1053 1006 1092 cui
1038 1064 1132 1092 nos:
1165 1049 1281 1105 ‘quid
1307 1054 1362 1093 ita
1371 1050 1409 1093 ’θ’
1442 1058 1484 1093 et

88 1113 176 1155 ille:
222 1108 461 1166 ‘lectorem'‚
505 1113 657 1166 inquit,
702 1109 982 1153 ‘Constantem
1019 1114 1183 1153 nomine
1216 1125 1291 1166 pro
1323 1113 1482 1154 foribus

87 1174 173 1215 vidi
210 1187 233 1214 a
271 1173 446 1214 dominis
480 1172 689 1226 Simplicio
730 1178 769 1213 et
799 1173 1030 1227 Apollinare
1070 1173 1329 1229 redeuntem3
1369 1174 1482 1214 dedit

87 1235 254 1288 quidem
285 1233 442 1274 litteras
475 1246 575 1286 quas
607 1239 819 1287 acceperat
851 1234 922 1275 sed
954 1234 1134 1288 perdidit
1165 1247 1266 1288 quas
1295 1232 1479 1288 recepit.²
1499 1249 1537 1277 15

88 1295 239 1350 quibus
279 1295 426 1348 agnitis
471 1295 670 1335 serenitas
711 1294 888 1335 laetitiae
930 1307 1043 1335 meae
1086 1296 1301 1336 confestim
1340 1295 1480 1336 nubilo

88 1355 326 1410 superducti
357 1356 554 1395 maeroris
580 1355 784 1396 insorduit
807 1360 1042 1409 tantamque
1067 1356 1170 1396 mihi
1194 1356 1319 1396 bilem
1345 1358 1482 1397 nuntii

86 1417 259 1458 huiusce
291 1417 557 1456 contrarietas
590 1417 797 1471 excitavit,
829 1422 875 1457 ut
906 1429 981 1470 per
1011 1416 1211 1470 plurimos
1244 1417 1331 1457 dies
1363 1417 1480 1458 illum

86 1479 223 1531 ipsum
254 1476 437 1516 hermam
471 1475 780 1516 stolidissimum
812 1479 953 1517 venire
987 1482 1078 1518 ante
1107 1477 1245 1518 oculos
1276 1490 1390 1518 meos
1416 1479 1478 1518 in-

88 1542 279 1578 exoratus
311 1537 525 1589 arcuerim,
556 1535 712 1577 laturus
745 1549 877 1591 aegre,
910 1539 946 1577 si
972 1537 1072 1577 mihi
1098 1539 1236 1591 apices
1261 1543 1330 1578 aut
1357 1551 1477 1592 quos·
1498 1554 1535 1580 20

88 1609 264 1651 cumque
297 1601 367 1638 aut
399 1609 746 1650 quorumcumque
780 1609 861 1637 non
894 1597 1096 1652 redderet,
1128 1604 1282 1638 taceam
1308 1604 1478 1653 vestros,

87 1660 161 1713 qui
192 1658 311 1712 mihi,
350 1657 447 1698 dum
479 1658 582 1698 recti
620 1670 786 1710 compos
818 1659 976 1698 animus
1017 1658 1153 1712 durat,
1190 1660 1359 1700 minime
1399 1660 1479 1700 fre-

87 1724 261 1774 quentes
299 1719 473 1758 maxime
519 1717 810 1759 desiderabiles
854 1718 1153 1759 iudicabimtur.
1216 1718 1256 1760 4.
1290 1725 1331 1760 at
1367 1726 1478 1773 post-

87 1792 212 1834 quam
237 1784 376 1820 nostra
404 1780 554 1819 sensim
582 1780 778 1832 temporis
805 1778 1014 1819 intervallo
1042 1781 1103 1819 ira
1129 1779 1358 1834 defremuit,
1384 1793 1477 1834 per-

86 1846 233 1882 contor
258 1839 492 1893 admissum,
519 1852 618 1880 num
642 1839 766 1880 verbo
794 1841 1002 1893 quippiam
1021 1845 1231 1893 praeterea
1252 1840 1476 1882 detulisset.
1496 1855 1533 1883 25

86 1900 301 1955 respondit
328 1902 429 1954 ipse,
462 1913 704 1953 quamquam
730 1906 839 1941 esset
864 1900 1047 1954 trepidus
1068 1906 1109 1941 et
1129 1905 1291 1941 sternax
1313 1906 1353 1942 et
1378 1914 1476 1955 prae

88 1967 205 2003 reatu
229 1960 450 2002 balbutiret
477 1973 559 2015 ore,
591 1962 812 2002 caecutiret
841 1963 1003 2015 intuitu,
1035 1966 1176 2015 totum,
1210 1974 1288 2015 quo
1314 1963 1477 2017 instrui,

87 2035 169 2075 quo
202 2021 395 2062 delectari
432 2020 628 2076 valerem,
665 2023 824 2075 paginis
864 2034 966 2075 quae
1004 2022 1311 2062 intercidissent
1350 2023 1475 2063 fuisse

88 2082 333 2123 mandatum.
410 2083 600 2135 quocirca
644 2084 844 2123 recurrite
896 2082 944 2123 ad
989 2082 1230 2136 pugillares,
1281 2082 1474 2136 replicate

87 2142 345 2184 membranas
383 2148 424 2182 et
463 2144 612 2195 scripta
650 2142 876 2183 rescribite.
940 2143 1095 2183 tamdiu
1133 2144 1241 2183 enim
1283 2145 1473 2196 aequani-
1493 2160 1531 2187 ao

189 2275 208 2307 1
234 2272 346 2308 inser.
372 2282 441 2307 om.
467 2270 503 2306 L
522 2272 534 2317 ss
553 2274 577 2306 4
602 2270 849 2307 confunditur
874 2271 901 2316 (i
927 2272 969 2307 in
994 2283 1069 2308 ras.
1091 2271 1143 2307 Μ
1147 2272 1172 2317 ¹)
1182 2271 1242 2317 M,
1274 2271 1474 2308 confundi-

88 2331 174 2355 mur
208 2320 265 2366 (in
295 2320 403 2356 adm:
440 2331 492 2355 οη
527 2319 850 2374 conffinduntur?)
882 2319 1123 2373 Duetjohaqm
1160 2321 1172 2363 ΙΙ
1209 2323 1231 2355 5
1257 2321 1473 2357 terentinae

87 2367 248 2461 {³0²3}ssss
263 2367 757 2462 ssdssffbsssssszaeffssslssi
776 2368 1107 2462 {ufffflffffl‘ff
1130 2369 1476 2467 ἷψῖἓίαἳὶοῗῇ
