1592 2612
587 126 796 165 OARMEN
820 126 906 166 VH.
1348 126 1438 170 293

80 238 152 272 540
177 241 267 271 rem
294 234 476 270 veterem
506 241 581 282 per
612 228 757 269 damna
789 230 919 283 sequi,
950 229 1199 282 portavimus
1230 227 1417 269 umbram

177 291 353 345 imperii,
384 291 546 343 generis
577 291 758 330 contenti
789 289 897 330 ferre
928 291 1078 330 vetusti

177 355 220 392 et
248 351 345 391 vitia
376 363 423 391 ac
454 349 613 390 solitam
645 351 788 390 vestiri
817 351 973 391 murice
1006 355 1168 403 gentem

177 423 291 452 more
322 412 450 464 magis
482 423 603 464 quam
634 412 724 451 iure
755 412 850 464 pati.
912 412 1216 464 promptissima
1246 423 1379 463 nuper

177 471 292 512 fulsit
321 471 518 525 condicio,
549 473 734 524 proprias
766 483 844 524 qua
877 470 1003 511 Gallia
1034 473 1143 511 vires

81 541 151 574 545
178 537 376 586 exereret,
406 532 608 585 trepidam
640 531 736 572 dum
766 531 966 572 Maximus
998 536 1168 585 occupat
1198 531 1361 585 urbcm3

179 592 320 633 orbem
352 597 415 633 sat
444 594 590 646 potuit,
622 594 657 633 si
688 597 728 633 te
761 592 841 633 sibi
872 598 955 633 tota
986 594 1180 645 magistro

177 665 302 706 regna
333 653 603 693 reformasset.
667 654 759 706 quis
791 658 977 694 nostrum
1007 653 1168 706 Belgica
1199 665 1307 707 rura,

179 713 276 754 litus
307 713 550 767 Aremorici,
582 713 742 754 Geticas
774 715 866 767 quis
897 716 1069 754 moverit
1100 715 1201 767 iras,

179 787 262 815 non
294 773 408 814 latet:
438 774 503 814 his
534 775 659 814 tantis
690 773 766 814 tibi
797 776 1014 828 cessimus,
1046 773 1203 828 inclite,
1234 773 1366 814 bellis.

83 844 153 877 550
179 847 288 876 nunc
319 836 399 875 iam
431 847 587 875 summa
611 839 772 888 vocant3
805 834 927 875 dubio
955 835 1030 875 sub
1056 840 1239 888 tempore
1272 846 1443 887 regnum

181 908 263 936 non
294 896 400 948 regit
430 896 610 948 ignavus.
672 896 931 948 postponitur
962 895 1138 935 ambitus
1171 897 1320 949 omnis,

180 955 321 997 ultima
354 968 446 996 cum
478 955 608 996 claros
641 960 858 1008 quaerunt:
889 961 983 1009 post
1014 956 1159 996 damna
1190 955 1322 996 Ticini

181 1029 228 1057 ac
259 1015 429 1056 Trebiae
461 1016 670 1069 trepidans
701 1017 849 1069 raptim
880 1016 1109 1069 respublica
1140 1018 1250 1056 venit

182 1077 233 1118 ad
263 1075 452 1131 Fabium3
484 1075 642 1117 Cannas
674 1076 856 1117 celebres
888 1076 1067 1117 Varrone
1100 1077 1236 1129 fugato

85 1146 157 1180 555
183 1137 498 1190 Scipiadumque
530 1139 652 1177 etiam
683 1142 914 1190 turgentem
945 1137 1086 1178 funere
1119 1137 1299 1178 Poenum

183 1198 322 1238 Livius
354 1196 507 1238 electus
539 1198 670 1250 fregit„
735 1199 935 1251 captivuS‚
965 1203 1011 1239 ut
1042 1200 1172 1252 aiunt,

183 1257 295 1299 orbis
326 1259 369 1298 in
400 1257 502 1298 urbe
533 1259 655 1312 iacet3
692 1259 884 1311 princeps
916 1260 1040 1312 perit,
1072 1259 1138 1299 hic
1170 1263 1442 1312 caput-omne

183 1331 292 1360 nunc
322 1318 444 1359 habet
475 1320 703 1371 imperium.
765 1320 961 1373 petimus,
993 1319 1219 1360 conscende
1252 1318 1443 1373 tribunal,

183 1381 293 1431 erige
327 1378 544 1432 collapsos;
575 1391 656 1419 non
687 1379 763 1419 hoc
795 1379 915 1419 modo
948 1384 1130 1432 tempora
1162 1385 1353 1433 poscunt,

87 1448 157 1481 560
183 1444 229 1480 ut
259 1439 427 1479 Romam
459 1438 550 1492 plus
582 1438 684 1479 alter
715 1444 833 1479 amet.
896 1452 972 1480 nec
1004 1440 1106 1480 forte
1139 1453 1253 1480 reare

186 1504 224 1540 te
258 1512 383 1552 regno
415 1511 497 1539 non
529 1512 619 1539 esse
652 1512 809 1552 parem:
841 1512 933 1540 cum
960 1500 1158 1540 Brennica
1191 1502 1306 1553 signa

185 1559 402 1613 Tarpeium
435 1565 689 1613 premerent,
722 1561 821 1613 scis,
852 1565 939 1600 tum
971 1560 1201 1613 respublica
1233 1565 1371 1600 nostra

184 1625 266 1661 tota
299 1619 490 1660 Camillus
522 1625 627 1674 erat,
658 1621 811 1672 patriae
845 1622 915 1673 qui
946 1620 1107 1661 debitus
1140 1620 1246 1661 ultor

186 1682 287 1721 texit
318 1681 521 1720 fumantes
552 1679 690 1720 hostili
722 1685 854 1733 strage
887 1680 1051 1721 favillas.

88 1750 158 1783 565
186 1754 267 1781 non
299 1740 374 1781 tibi
406 1742 611 1781 centurias
643 1753 787 1781 aurum
818 1740 1012 1794 populare
1045 1743 1217 1795 paravit,

186 1814 260 1842 nec
292 1801 412 1841 modo
445 1800 606 1841 venales
638 1813 936 1854 numerosoque
969 1814 1058 1842 asse
1092 1802 1325 1854 redemptae

186 1866 435 1902 concurrunt
467 1861 515 1901 ad
547 1867 697 1914 puncta
728 1861 878 1915 tribus3
913 1863 1102 1915 suffragia
1135 1862 1276 1902 mundi

184 1921 319 1963 nullus
352 1923 459 1963 emit.
517 1934 671 1974 pauper
702 1921 868 1975 legeris3
902 1922 1009 1975 quod
1042 1923 1194 1963 sufficit
1224 1934 1371 1975 unum,

185 1995 229 2023 es
262 1983 419 2022 meritis
452 1982 574 2022 dives.
639 1984 790 2035 patriae
824 1995 898 2023 cur
929 1988 1018 2024 vota
1051 1984 1247 2036 moraris,

88 2052 159 2084 570
187 2055 288 2096 quae
322 2042 452 2095 iubet⁷
484 2048 528 2082 ut
560 2040 732 2083 iubeas?
781 2043 879 2083 haec
913 2049 975 2083 est
1007 2045 1206 2083 sententia
1240 2044 1416 2083 cunctis:

186 2105 222 2143 si
254 2103 442 2143 dominus
475 2103 542 2156 fis,
573 2102 677 2143 liber
709 2099 807 2143 ero'.
872 2103 1007 2156 fragor
1038 2105 1139 2143 atria
1172 2103 1347 2156 complet

186 2163 345 2217 Uierni,
378 2175 457 2216 quo
490 2163 592 2203 forte
625 2162 713 2203 loco
745 2165 811 2216 pia
843 2163 961 2203 turba
993 2169 1157 2204 senatus

162 2270 233 2303 546
266 2266 397 2303 orbem
438 2267 499 2301 sat
536 2266 666 2311 potuit
700 2267 793 2314 Leo]
834 2267 964 2303 orbem
1003 2278 1075 2313 ego
1115 2268 1177 2303 sat
1211 2266 1323 2314 potui
1355 2267 1450 2313 MC,

65 2314 197 2351 orbem
222 2314 338 2350 immo
364 2314 494 2361 potuit
520 2314 602 2350 ΤΡ
662 2315 694 2351 si
720 2317 759 2351 te
787 2315 862 2351 sibi
894 2317 980 2351 tota
1007 2315 1108 2362 TF]
1138 2315 1217 2351 vite
1250 2315 1326 2351 sibi
1355 2318 1450 2362 pota

66 2363 126 2406 M,
162 2363 256 2399 mihi
283 2363 445 2398 subdere
472 2364 586 2408 teque
670 2392 678 2407 ‚
711 2375 780 2400 om.
804 2364 856 2401 0⁸
893 2365 905 2409 ΙΙ
943 2367 1011 2399 551
1038 2365 1149 2410 reget
1173 2363 1225 2399 M
1255 2365 1269 2410 Ι]
1306 2368 1376 2401 560
1401 2375 1449 2400 ne

64 2412 196 2459 vu190,·
219 2412 284 2448 sed
297 2412 343 2456 cf.
358 2411 638 2456 Avit.carm.1‚
652 2413 726 2447 313
744 2423 815 2448 nee
834 2423 902 2448 vos
922 2411 1021 2447 forte
1035 2413 1186 2458 premat
1203 2413 1217 2458 [Ι
1236 2417 1305 2449 572
1326 2412 1450 2449 uierni
