1592 2612
345 101 576 141 SIDONIUS
600 101 812 140 DONIDIO
839 101 934 139 SUO
960 101 1203 139 SALUTEM.
1408 102 1466 145 41

734 249 810 293 IX.

340 333 570 371 SIDONIUS
594 332 804 370 DONlDIO
832 333 925 370 SUO
955 332 1199 371 SALUTEM.

170 409 210 454 1.
242 411 432 465 QuaeriS,
469 424 544 452 cur
580 412 669 464 ipse
706 411 948 464 iampridem
979 410 1228 452 Nemausum
1259 411 1468 464 profectus

77 478 215 515 vestra
233 485 372 514 serum
390 472 442 512 ob
456 472 672 512 adventum
693 471 897 512 desideria
916 472 1150 525 producam.
1176 471 1303 512 reddo
1324 485 1467 514 causas

77 534 236 576 reditus
278 534 471 575 tardioris
515 545 591 574 nec
632 545 768 573 moras
804 545 917 573 meas
955 533 1130 586 prodere
1168 545 1328 587 moror,
1373 536 1468 587 quia

79 607 183 649 quae
213 595 315 636 mihi
346 593 479 635 dulcia
511 598 607 634 sunt
636 593 712 634 tibi
745 606 918 646 quoque.
975 595 1084 634 inter
1115 606 1234 646 agros
1266 596 1467 635 amoenis·
1505 604 1524 632 5

79 657 223 710 simos,
254 655 571 696 humanissimos
604 654 808 708 dominos,
839 653 1077 695 Ferreolum
1110 659 1152 695 et
1182 654 1468 710 Apollinarem,

79 722 242 771 tempus
273 716 676 770 voluptuosissimum
702 717 831 768 exegi.
880 715 1142 768 praediorum
1167 715 1231 755 his
1258 717 1347 756 iura
1372 729 1468 757 con-

77 779 266 832 termina,
292 775 496 817 domicilia
521 778 665 830 vicina,
692 775 840 829 quibus
863 778 1077 817 interiecta
1097 777 1268 829 gestatio
1288 776 1468 830 peditem

79 837 203 879 lassat
232 850 366 891 neque
399 837 551 877 sufficit
583 838 825 890 equitaturo.
876 836 1001 877 colles
1033 836 1202 877 aedibus
1235 838 1468 890 superiores

80 903 325 940 exercentur
349 899 514 938 vinitori
541 903 581 938 et
608 897 800 938 olivitori:
833 897 1106 951 Aracynthum
1139 903 1179 938 et
1207 897 1369 952 Nysam,
1401 912 1466 939 ce·
1488 909 1523 936 10

77 959 232 1000 lebrata
262 963 476 1013 poetarum
508 957 757 999 carminibus
789 960 895 1012 iuga,
927 971 1106 999 censeas.
1157 959 1230 999 uni
1261 958 1400 1000 domui
1425 962 1469 1000 in

79 1020 199 1074 plana
224 1021 498 1074 patentiaque,
524 1019 642 1060 alteri
666 1021 710 1059 in
736 1031 903 1059 nemora
928 1024 1188 1074 prospectus3
1222 1019 1294 1060 sed
1321 1020 1467 1061 nihilo-

77 1083 215 1122 minus
247 1080 458 1121 dissimilis
491 1081 594 1121 situs
621 1079 810 1120 similiter
836 1079 1021 1120 oblectat.
1073 1077 1112 1120 2.
1146 1093 1391 1134 quamquam
1416 1082 1466 1122 de

77 1142 339 1196 praediorum
372 1140 469 1194 quid
500 1154 610 1182 nunc
642 1140 815 1194 amplius
848 1142 1072 1194 positione,
1111 1154 1204 1181 cum
1235 1146 1364 1182 restet
1394 1142 1467 1182 ho-

79 1202 311 1257 spitalitatis
344 1202 443 1242 ordo
476 1199 751 1242 reserandus?
800 1202 881 1241 iam
912 1203 1090 1254 primum
1117 1203 1391 1255 sagacissimis
1424 1205 1466 1244 in
1487 1212 1523 1239 1⁵

80 1263 159 1304 hoc
191 1262 514 1317 exploratoribus
546 1262 772 1317 destinatis,
805 1263 876 1315 qui
901 1262 1058 1302 reditus
1083 1264 1215 1303 nostri
1240 1264 1320 1303 iter
1345 1276 1468 1305 aucu-

78 1329 286 1378 parentur,
318 1323 462 1364 domus
494 1328 666 1376 utraque
698 1336 781 1363 non
807 1323 939 1363 solum
964 1324 1150 1363 tramites
1176 1336 1369 1376 aggerum
1394 1338 1467 1378 pu-

79 1384 281 1425 blicorum
317 1396 459 1425 verum
498 1385 619 1424 etiam
658 1383 779 1424 calles
818 1383 1070 1437 compendiis
1107 1389 1315 1425 tortuosos
1347 1390 1467 1439 atque

79 1446 258 1498 pastoria
295 1444 542 1485 deverticula
579 1445 749 1498 insedit,
786 1457 838 1484 ne
878 1457 957 1497 quo
997 1457 1094 1484 casu
1132 1445 1341 1498 dispositis
1380 1447 1467 1486 offi-

81 1507 238 1546 ciorum
275 1505 436 1546 insidiis
475 1504 740 1545 elaberemur.
798 1517 897 1557 quas
935 1505 1173 1559 incidimus,
1211 1506 1358 1561 fateor,
1397 1507 1467 1548 sed
1487 1516 1524 1542 20

79 1567 248 1606 minime
286 1567 402 1606 inviti
439 1567 583 1618 iusque
622 1565 838 1606 iurandum
876 1565 1092 1605 confestim
1128 1566 1326 1619 praebere
1360 1580 1468 1608 com-

79 1626 207 1681 pulsi,
238 1639 309 1681 ne,
340 1627 578 1680 priusquam
611 1631 767 1679 septem
800 1625 887 1665 dies
919 1625 1218 1680 evolverentur,
1251 1629 1468 1681 quicquam

80 1687 130 1728 de
175 1688 335 1728 itineris
379 1688 510 1727 nostri
554 1688 857 1727 continuatione
898 1686 1201 1727 meditaremur.
1265 1686 1304 1728 3.
1343 1690 1469 1741 igitur

82 1760 197 1788 mane
231 1748 433 1788 cotidiano
465 1747 650 1801 partibus
678 1760 801 1800 super
825 1747 985 1800 hospite
1011 1748 1141 1799 prima
1167 1753 1208 1788 et
1234 1754 1346 1800 grata
1372 1762 1467 1790 con-

79 1811 227 1863 tentio,
260 1821 457 1862 quaenam
490 1810 746 1862 potissimum
779 1809 960 1848 anterius
994 1807 1181 1848 edulibus
1214 1811 1365 1849 nostris
1399 1823 1466 1850 cu·
1487 1817 1523 1845 25

80 1869 162 1910 lina
194 1869 385 1924 fumaret3
416 1881 492 1909 nec
526 1882 620 1910 sane
653 1873 814 1922 poterat
846 1881 894 1908 ex
927 1881 1055 1921 aequo
1089 1868 1279 1909 divisioni
1310 1869 1468 1911 lancem

79 1942 233 1983 ponere
259 1929 508 1984 vicissitudo,
534 1929 630 1970 licet
653 1931 726 1970 uni
752 1929 890 1969 domui
916 1941 1088 1982 mecum,
1114 1928 1232 1969 alteri
1252 1943 1344 1970 cum
1363 1933 1467 1972 meis

80 1990 288 2031 vinculum
326 1990 432 2030 foret
468 1991 803 2044 propinquitatis,
842 1992 936 2042 quia
967 1989 1158 2030 Ferreolo
1198 1991 1466 2042 praefectorio

81 2052 168 2090 viro
206 2056 369 2104 praeter
406 2051 751 2092 necessitudinem
790 2050 868 2091 sibi
905 2049 1083 2090 debitam
1122 2050 1240 2090 dabat
1279 2056 1389 2092 aetas
1427 2058 1468 2093 et

82 2110 257 2164 dignitas
295 2113 418 2164 primi
455 2113 681 2152 invitatoris
722 2112 1052 2164 praerogativam.
1115 2108 1156 2151 4.
1190 2110 1300 2151 ilicet
1337 2125 1359 2152 a
1398 2112 1466 2154 de-
1486 2122 1524 2148 ³0

81 2170 187 2212 liciis
220 2173 263 2212 in
295 2171 462 2212 delicias
494 2171 762 2225 rapiebamur.
813 2173 878 2211 vix
912 2171 1194 2224 quodcumque
1221 2170 1467 2214 vestibulum

82 2233 295 2286 intratum,
328 2238 368 2273 et
400 2244 494 2273 ecce
527 2232 605 2273 huc
639 2232 955 2286 sphaeristarum
988 2234 1324 2273 contrastantium
1355 2236 1467 2287 paria

182 2351 229 2384 14
254 2349 374 2385 restet
394 2348 430 2384 L
455 2352 489 2385 et
516 2351 627 2393 (corr.
647 2350 691 2385 in
715 2349 839 2384 restat
858 2349 932 2393 N'2)
943 2347 993 2392 N,
1020 2349 1144 2383 restat
1163 2349 1215 2385 M
1218 2348 1318 2397 01'11
1339 2353 1382 2388 16
1410 2362 1467 2386 re-

83 2395 188 2432 ditus
214 2396 281 2442 qui
308 2397 432 2443 01125
459 2397 498 2433 et
524 2396 692 2434 anterius
720 2398 755 2434 T
770 2400 783 2444 1]
803 2401 847 2433 32
874 2397 947 2433 hac
974 2395 1243 2444 Imetjohannfl
