1592 2612
80 149 314 189 SIDONIUS
337 150 538 189 DOMINO
557 150 722 188 PAPAE
739 150 1065 188 THEOPLAS'I'O
1086 150 1331 189 SALUTEM,
1384 150 1471 195 131

79 257 292 294 venerunt.
334 265 510 306 namque
540 266 664 294 unam
689 253 881 294 feminam
907 253 958 293 de
984 252 1195 294 affectibus
1222 254 1322 307 suis,
1353 265 1474 306 quam

79 313 184 354 forte
221 313 445 367 Vargorum
484 309 581 370 (hoc
619 315 729 354 enim
766 315 931 354 nomine
968 313 1182 366 indigenas
1222 313 1474 355 latrunculos

78 371 336 431 nuncupant)
380 380 649 428 superventus
690 374 960 429 abstraxerat,
1004 376 1083 415 isto
1123 374 1341 415 deductam
1379 380 1474 416 ante

78 434 234 488 aliquot
268 447 396 476 annos
432 437 606 489 isticque
644 436 881 476 distractam
920 447 1013 476 cum
1050 447 1132 475 non
1176 435 1277 476 falso
1316 435 1471 477 indicio

79 497 388 551 comperissent,
419 497 543 537 certis
576 496 741 549 quidem
774 497 902 549 signis
934 496 1006 536 sed
1037 508 1120 536 non
1148 495 1385 537 recentibus
1409 498 1472 538 in-
1509 508 1527 535 5

80 557 284 610 quisivere
316 558 511 610 vestigiis.
562 556 603 598 2.
635 562 755 610 atque
788 556 922 597 obiter
952 557 1052 597 haec
1085 556 1227 597 eadem
1258 556 1473 613 laboriosa,

77 618 318 670 priusquam
347 617 391 658 hi
422 617 625 672 adessent,
656 619 699 658 in
730 619 997 671 negotiatoris
1028 619 1160 658 nostri
1191 617 1311 658 domo
1343 618 1473 659 domi-

75 678 226 731 nioque
251 678 385 732 palam
410 690 506 720 sane
529 678 771 720 venumdata
797 678 1044 733 defungitur,
1070 678 1245 731 quodam
1263 678 1471 721 Prudente

77 734 174 793 (hoc
210 739 299 779 viro
337 735 527 795 nomen),
571 752 693 793 quem
735 752 846 780 nunc
883 739 1140 780 Tricassibus
1179 739 1328 792 degere
1365 740 1472 782 fama

77 798 267 852 divulgat,
292 801 525 852 ignotorum
549 800 669 840 nobis
695 800 906 840 hominum
926 799 1178 840 collaudante
1199 805 1471 856 contractum3
1492 812 1528 839 10

77 861 194 900 cuius
239 859 486 913 subscriptio
530 862 638 901 intra
681 861 897 901 formulam
946 860 1221 901 nundinarum
1264 866 1472 914 tamquam

76 920 214 960 idonei
245 920 549 974 adstipulatoris
575 921 816 962 ostenditur.
862 922 1081 962 auctoritas
1107 934 1319 976 personae,
1351 934 1470 975 opor-

75 981 229 1021 tunitas
259 983 515 1034 praesentiae
546 986 640 1022 tuae
673 983 781 1022 inter
806 995 943 1023 coram
974 983 1130 1035 positos
1161 982 1279 1022 facile
1305 982 1471 1038 valebit,

77 1042 113 1081 si
138 1041 385 1096 dignabitur,
412 1044 562 1083 seriem
587 1044 712 1083 totius
740 1043 933 1095 indagare
958 1041 1187 1096 violentiae,
1215 1047 1341 1097 quae,
1358 1044 1468 1096 quod

75 1103 236 1155 gravius
262 1106 337 1156 est,
363 1115 411 1143 eo
431 1103 624 1144 facinoris
644 1105 828 1159 accessit,
854 1108 1050 1156 quantum
1075 1104 1322 1156 portitorum
1347 1104 1467 1145 datur
1487 1115 1524 1143 15

74 1174 196 1203 nosse
232 1168 478 1218 memoratu,
515 1169 562 1206 ut
598 1165 720 1204 etiam
758 1165 802 1204 in
833 1163 902 1204 illo
935 1163 1149 1204 latrocinio
1182 1164 1386 1217 quendam
1418 1165 1468 1205 de

73 1235 244 1263 numero
283 1225 462 1264 viantum
501 1229 660 1265 constet
697 1226 932 1265 extinctum.
1003 1222 1042 1265 3.
1083 1225 1154 1265 sed
1193 1226 1288 1278 quia
1326 1225 1469 1266 iudicii

72 1285 200 1324 vestri
235 1284 480 1325 medicinam
524 1289 720 1339 expetunt
765 1285 1098 1339 civilitatemque,
1144 1287 1215 1338 qui
1258 1288 1469 1339 negotium

73 1344 283 1385 criminale
316 1347 570 1400 parturiunt,
606 1351 851 1401 vestrarum,
889 1347 925 1386 si
955 1346 1059 1386 bene
1093 1348 1259 1401 metior,
1290 1349 1468 1400 partium

73 1406 227 1457 pariter
253 1410 293 1446 et
317 1418 478 1447 morum
504 1412 580 1461 est,
605 1406 739 1460 aliqua
763 1407 947 1447 indemni
973 1408 1265 1460 compositione
1291 1408 1466 1448 istorum
1486 1420 1522 1446 20

76 1464 219 1519 dolori,
250 1465 414 1507 illorum
445 1467 627 1520 periculo
661 1467 875 1508 subvenire
903 1472 944 1508 et
969 1468 1143 1520 quodam
1170 1467 1344 1509 salubris
1373 1481 1465 1509 sen-

72 1527 223 1566 tentiae
255 1531 575 1580 temperamento
612 1528 716 1568 hanc
747 1533 904 1580 partem
937 1529 1073 1568 minus
1106 1528 1314 1582 afflictam,
1353 1528 1464 1569 illam

72 1588 209 1627 minus
247 1599 359 1627 ream
398 1592 438 1628 et
475 1593 691 1641 utramque
723 1587 814 1641 plus
848 1588 982 1628 facere
1015 1601 1218 1643 securam3
1257 1602 1308 1629 ne
1342 1591 1466 1642 iurgii

74 1651 222 1701 status,
260 1653 306 1688 ut
338 1660 428 1688 sese
466 1648 546 1689 fert
583 1650 781 1702 temporis
819 1647 979 1701 locique
1013 1648 1202 1702 qualitas,
1239 1649 1363 1690 talem
1395 1650 1465 1690 de-

73 1708 240 1749 scendat
282 1708 331 1748 ad
375 1711 616 1763 terminum,
667 1708 784 1762 quale
828 1710 963 1762 coepit
1004 1709 1154 1749 habere
1198 1711 1459 1764 principium.
1481 1722 1517 1749 25

72 1780 230 1810 memor
261 1771 391 1810 nostri
422 1782 512 1810 esse
546 1770 732 1824 dignare,
765 1769 927 1810 domine
958 1782 1072 1823 papa.

741 1935 794 1980 V.

132 2018 363 2055 SIDONIUS
388 2018 586 2055 DOMINO
613 2018 775 2054 PAPAE
801 2017 1128 2055 THEOPLASTO
1156 2018 1399 2057 SALUTEM.

167 2095 338 2136 Causam
371 2108 502 2135 meam
534 2097 721 2136 nesciens
754 2096 848 2149 agit,
881 2097 951 2148 qui
983 2095 1032 2136 ad
1064 2108 1135 2135 vos
1168 2109 1190 2135 a
1215 2108 1280 2136 me
1307 2096 1462 2138 litteras

73 2161 224 2210 portat3
257 2169 363 2210 nam,
396 2156 492 2196 dum
524 2157 647 2196 votivi
678 2156 779 2197 mihi
811 2156 855 2196 fit
881 2155 1046 2208 gerulus
1073 2162 1298 2209 oportunus
1325 2157 1462 2214 officii,

171 2301 190 2331 1
216 2297 474 2342 pervenerunt
499 2296 568 2340 ΓΠ
588 2300 609 2331 2
635 2308 846 2342 vargonum
875 2300 979 2341 (num
1006 2298 1049 2332 in
1072 2308 1147 2333 ras.
1169 2296 1314 2343 M²)M,
1338 2309 1458 2343 vago-

72 2355 156 2379 rum
191 2345 239 2386 Τ,
277 2344 339 2380 vel
373 2355 586 2390 vargonum
616 2356 644 2381 s.
672 2346 694 2381 l.
722 2346 809 2382 add.
839 2346 888 2381 T²
932 2346 944 2391 11
990 2348 1033 2379 12
1069 2345 1347 2392 astipulatione
1382 2346 1414 2383 G
1446 2347 1460 2395 Η

72 2395 119 2427 24
144 2392 312 2437 qualitas
341 2393 586 2438 Gustafsson,
610 2393 778 2429 civilitas
803 2394 907 2430 codd.
945 2396 949 2437 Ι
985 2393 1195 2430 descendat
1227 2394 1263 2431 V
1284 2399 1318 2432 et
1345 2397 1456 2440 (corr.

71 2441 116 2476 in
141 2440 315 2477 discedat
339 2442 420 2487 M1)
430 2441 489 2486 M,
514 2440 718 2477 discendat
742 2442 789 2488 L,
816 2441 992 2477 discedat
1020 2441 1118 2488 01⁷1!

1188 2503 1237 2538 9*
