1592 2612
241 0 312 22 ‘ars
353 0 366 5 “
821 0 893 13 »κ’

610 134 820 172 ΟΔΒΜΕΝ
842 133 926 172 VII.
1370 132 1458 177 281

199 236 314 278 arida
342 236 579 291 Mygdoniae
611 236 854 277 damnarunt
886 235 1063 289 Gargara
1094 235 1236 290 salces3

196 297 351 352 Apulus
382 302 423 339 et
454 297 621 339 Calaber
652 299 787 338 cessit.
851 309 944 350 spes
976 298 1095 338 unica
1124 309 1282 350 rerum,

197 358 323 413 hanc,
358 358 561 413 Arverne‚
599 357 736 399 colens
767 357 870 398 nulli
900 357 1004 411 pede
1036 357 1148 398 cedis
1180 358 1223 398 in
1255 359 1399 413 armis,

103 427 174 461 150
199 420 364 473 quosvis
394 420 525 459 vincis
557 431 674 472 equ0.
736 420 854 459 testis
886 418 987 458 mihi
1019 417 1203 458 Caesaris
1236 424 1323 458 esto

198 479 266 520 hic
296 481 468 520 nimium
498 479 660 520 fortuna
690 491 865 533 pavens,
897 491 991 519 cum
1023 478 1123 519 colle
1156 478 1344 532 repulsus

199 539 420 593 Gergoviae
452 541 597 581 castris
628 539 745 580 miles
776 541 842 580 vix
875 541 1025 580 restitit
1056 540 1169 592 ipsis.

198 600 274 642 hos
305 613 379 654 ego
410 605 494 641 tam
525 601 650 641 fortes
682 599 809 654 volui,
840 600 911 641 sed
944 600 1090 640 cedere
1121 600 1282 640 Avitum

199 661 296 702 dum
321 661 410 715 tihi,
434 661 574 715 Roma,
599 673 710 715 paro,
736 661 876 701 rutilat
901 662 968 702 cui
992 662 1166 701 maxima
1193 660 1347 701 dudum

105 729 174 763 155
201 727 411 763 stemmata
444 721 699 776 complexum
730 734 918 775 germen,
949 721 1122 774 palmata
1154 722 1335 761 cucurrit

200 794 275 836 per
305 794 495 837 proavos,
526 784 738 836 gentisque
772 795 869 822 suae
900 787 941 822 te
973 786 1095 836 teste,
1127 781 1322 835 philagri,

201 844 398 896 patricius
430 843 664 896 resplendet
694 855 808 896 apex,
872 842 942 882 sed
974 844 1106 896 portio
1140 847 1289 895 quanta
1321 847 1383 883 est

201 903 303 944 haec
333 902 515 958 laudum,
546 903 710 944 laudare
741 909 896 957 patres,
929 915 1031 956 quos
1064 904 1211 956 quippe
1245 902 1408 943 curules

203 968 245 1004 et
274 964 549 1017 praefecturas
581 968 739 1005 constat
770 963 919 1004 debere
950 961 1118 1017 nepoti?

107 1031 176 1065 160
202 1025 285 1064 sint
315 1023 402 1079 alii,
433 1037 508 1078 per
539 1037 642 1078 quos
674 1037 718 1065 se
748 1028 935 1078 postuma
969 1026 1091 1065 iactet
1122 1026 1253 1078 origo,

201 1089 242 1125 et
270 1085 452 1138 priscum
482 1085 613 1126 titulis
645 1090 832 1125 numeret
863 1097 991 1138 genus
1023 1084 1144 1125 alter:
1176 1086 1309 1140 Avite,

199 1144 389 1186 nobilitas
420 1150 466 1186 tu
498 1145 609 1186 solus
642 1158 747 1186 avos.
810 1145 910 1185 libet
941 1146 1061 1186 edere
1093 1147 1196 1186 tanti

202 1210 313 1259 gesta
344 1207 423 1246 viri
454 1211 495 1247 et
525 1208 698 1260 primam
729 1207 869 1259 paucis
900 1218 1141 1259 percurrere
1173 1208 1308 1247 vitam.

261 1265 444 1307 Solverat
474 1268 518 1307 in
548 1272 709 1320 partum
740 1279 937 1319 generosa
968 1279 1169 1320 puerpera
1202 1269 1303 1307 casti

108 1334 177 1368 165
203 1328 358 1367 ventris
389 1339 510 1381 onus3
541 1328 754 1368 manifesta
785 1327 879 1367 dedi
909 1339 1004 1367 mox
1038 1329 1151 1380 signa
1183 1327 1311 1368 futuri

200 1388 400 1440 principis
432 1400 478 1428 ac
508 1392 634 1428 totam
666 1388 799 1428 fausto
830 1387 980 1441 trepidi
1011 1389 1140 1441 patris
1172 1388 1304 1428 aulam

202 1446 367 1500 implevi
398 1449 587 1502 augurio,
618 1448 713 1488 licet
743 1448 852 1487 idem
884 1448 1051 1500 grandia
1082 1450 1167 1488 nati

204 1506 387 1560 culparet
418 1508 496 1548 sata
529 1513 570 1549 et
601 1510 719 1561 pueri
750 1509 830 1548 iam
861 1520 986 1561 regna
1017 1508 1184 1549 videret.

203 1567 274 1608 sed
308 1567 386 1608 sihi
417 1570 680 1609 commissum
710 1573 821 1608 tanto
854 1568 929 1608 sub
961 1570 1130 1621 pignore
1163 1581 1334 1610 cernens

109 1637 180 1670 170
206 1628 348 1668 mundi
380 1628 628 1686 depositum,
659 1641 709 1669 ne
744 1628 839 1682 quid
870 1628 964 1682 tihi,
995 1628 1140 1683 Roma,
1171 1631 1343 1684 periret,

206 1689 308 1729 iuvit
339 1688 543 1729 fortunam
576 1689 720 1730 studio.
777 1688 966 1729 lactantia
997 1691 1175 1742 primum

205 1748 388 1789 membra
420 1749 531 1790 dedit
560 1749 741 1803 nivibus,
773 1749 1020 1803 glaciemque
1054 1751 1282 1803 irrumpere
1315 1749 1465 1803 plantis

207 1811 327 1850 iussit
359 1815 399 1850 et
431 1812 588 1850 attritas
620 1822 788 1863 parvum
820 1810 956 1850 ridere
988 1811 1168 1863 pruinas.

209 1875 421 1923 surgentes
454 1871 579 1910 animi
613 1870 739 1911 Musis
772 1871 996 1911 formantur
1028 1876 1069 1911 et
1100 1870 1168 1911 illo

107 1938 179 1971 175
206 1943 285 1983 quo
318 1930 513 1971 Cicerone
546 1935 679 1985 tonas3
711 1931 854 1971 didicit
886 1943 1045 1984 quoque
1079 1931 1181 1971 facta
1213 1936 1379 1972 tuorum

204 1995 296 2031 ante
329 1990 495 2045 ducum3
528 1991 669 2032 didicit
701 2004 856 2045 pugnas
887 1990 1071 2044 libroque
1104 1991 1266 2046 relegit,

206 2063 307 2104 quae
340 2056 500 2104 gereret
530 2064 683 2105 campo.
746 2053 901 2105 primus
934 2053 999 2091 vix
1032 2057 1220 2105 coeperat
1252 2065 1341 2093 esse

207 2123 257 2151 ex
289 2112 440 2152 infante
472 2123 593 2166 puer,
624 2112 807 2152 rabidam
839 2125 931 2152 cum
964 2112 1067 2152 forte
1100 2114 1280 2153 cruentis

185 2230 255 2264 156
281 2227 394 2274 fflagr
396 2227 410 2263 i
438 2227 582 2274 GTFn
603 2231 670 2265 157
698 2239 796 2275 apex
827 2239 895 2265 om
917 2228 996 2274 Mn
1019 2231 1087 2264 160
1114 2227 1192 2263 sint
1218 2227 1279 2276 F]
1307 2230 1397 2264 sunt
1421 2229 1473 2266 M

88 2275 188 2322 GTu
208 2280 278 2313 166
292 2278 465 2313 actutum
479 2276 641 2322 MTF1
663 2276 790 2313 aulam
804 2287 873 2313 om.
889 2277 939 2312 M
953 2279 965 2321 ss
988 2279 1055 2312 167
1069 2275 1268 2323 gnatiMfl
1290 2281 1356 2313 172
1376 2277 1467 2314 irre-

83 2334 175 2371 pere
201 2324 385 2362 Sirmond.
412 2327 424 2370 ΙΙ
454 2327 524 2361 174
549 2324 669 2360 animi
694 2324 832 2372 Musis]
858 2324 1040 2361 animosis
1067 2324 1119 2360 Μ
1143 2326 1155 2371 ΙΙ
1186 2329 1253 2361 175
1279 2326 1325 2370 cf.
1355 2326 1468 2363 Glau-

84 2372 381 2468 ¹‹gunthcierX'iLL
399 2375 424 2409 4
456 2383 522 2409 seu
549 2373 731 2410 Cicerona
761 2375 872 2409 tonas
904 2376 917 2420 ss
951 2377 1017 2409 177
1045 2384 1179 2420 campo
1205 2372 1361 2420 primus.
1406 2374 1470 2411 vix

124 2432 190 2458 uec
214 2433 232 2458 e
