<?xml version="1.0" encoding="UTF-8"?>
<!DOCTYPE html PUBLIC "-//W3C//DTD XHTML 1.0 Transitional//EN"
    "http://www.w3.org/TR/xhtml1/DTD/xhtml1-transitional.dtd">
<html xmlns="http://www.w3.org/1999/xhtml" xml:lang="en" lang="en">
 <head>
  <title>
</title>
<meta http-equiv="Content-Type" content="text/html;charset=utf-8" />
  <meta name='ocr-system' content='tesseract 3.04.00' />
  <meta name='ocr-capabilities' content='ocr_page ocr_carea ocr_par ocr_line ocrx_word'/>
</head>
<body>
  <div class='ocr_page' id='page_1' title='image "./csolliusapollina00sidouoft_0109.png"; bbox 0 0 1592 2612; ppageno 0'>
   <div class='ocr_carea' id='block_1_1' title="bbox 0 0 284 75">
    <p class='ocr_par' dir='ltr' id='par_1_1' title="bbox 0 0 284 75">
     <span class='ocr_line' id='line_1_1' title="bbox 0 0 284 75; baseline 0 2537"><span class='ocrx_word' id='word_1_1' title='bbox 0 0 284 75; x_wconf 95' lang='lat' dir='ltr'><strong> </strong></span> 
     </span>
    </p>
   </div>
   <div class='ocr_carea' id='block_1_2' title="bbox 278 0 379 20">
    <p class='ocr_par' dir='ltr' id='par_1_2' title="bbox 278 0 379 20">
     <span class='ocr_line' id='line_1_2' title="bbox 278 0 379 20; baseline 0.01 -11"><span class='ocrx_word' id='word_1_2' title='bbox 278 0 355 20; x_wconf 49' lang='lat' dir='ltr'><strong>ptr-&#39;⁷2</strong></span> <span class='ocrx_word' id='word_1_3' title='bbox 360 0 379 6; x_wconf 67' lang='grc' dir='ltr'><strong>ν-</strong></span> 
     </span>
    </p>
   </div>
   <div class='ocr_carea' id='block_1_3' title="bbox 375 142 1489 187">
    <p class='ocr_par' dir='ltr' id='par_1_3' title="bbox 375 142 1489 187">
     <span class='ocr_line' id='line_1_3' title="bbox 375 142 1489 187; baseline -0.001 -6"><span class='ocrx_word' id='word_1_4' title='bbox 375 142 607 181; x_wconf 83' lang='lat' dir='ltr'>SIDONIUS</span> <span class='ocrx_word' id='word_1_5' title='bbox 632 142 831 180; x_wconf 82' lang='lat' dir='ltr'>ECDICIO</span> <span class='ocrx_word' id='word_1_6' title='bbox 858 142 952 180; x_wconf 89' lang='lat' dir='ltr'><strong>SUO</strong></span> <span class='ocrx_word' id='word_1_7' title='bbox 979 142 1220 180; x_wconf 82' lang='lat' dir='ltr'>SALUTEM.</span> <span class='ocrx_word' id='word_1_8' title='bbox 1431 143 1489 187; x_wconf 79' lang='lat'><strong>57</strong></span> 
     </span>
    </p>
   </div>
   <div class='ocr_carea' id='block_1_4' title="bbox 95 245 1554 1757">
    <p class='ocr_par' dir='ltr' id='par_1_4' title="bbox 95 245 1554 1757">
     <span class='ocr_line' id='line_1_4' title="bbox 95 245 1493 301; baseline 0 -14"><span class='ocrx_word' id='word_1_9' title='bbox 95 247 255 287; x_wconf 87' lang='lat' dir='ltr'><strong>mitatis</strong></span> <span class='ocrx_word' id='word_1_10' title='bbox 300 245 492 287; x_wconf 88' lang='lat' dir='ltr'><strong>adversae</strong></span> <span class='ocrx_word' id='word_1_11' title='bbox 535 247 642 299; x_wconf 88' lang='lat' dir='ltr'><strong>parti</strong></span> <span class='ocrx_word' id='word_1_12' title='bbox 687 246 910 298; x_wconf 81' lang='lat' dir='ltr'>inopinatis</span> <span class='ocrx_word' id='word_1_13' title='bbox 949 245 1241 286; x_wconf 86' lang='lat' dir='ltr'>certaminibus</span> <span class='ocrx_word' id='word_1_14' title='bbox 1278 245 1493 301; x_wconf 86' lang='lat' dir='ltr'><strong>inflictum,</strong></span> 
     </span>
     <span class='ocr_line' id='line_1_5' title="bbox 97 305 1492 349; baseline -0.001 -1"><span class='ocrx_word' id='word_1_15' title='bbox 97 312 144 349; x_wconf 84' lang='lat' dir='ltr'><strong>ut</strong></span> <span class='ocrx_word' id='word_1_16' title='bbox 185 306 374 348; x_wconf 80' lang='lat' dir='ltr'><strong>occulere</strong></span> <span class='ocrx_word' id='word_1_17' title='bbox 412 319 625 348; x_wconf 87' lang='lat' dir='ltr'><strong>caesorum</strong></span> <span class='ocrx_word' id='word_1_18' title='bbox 662 307 998 347; x_wconf 81' lang='lat' dir='ltr'><strong>numerositatem</strong></span> <span class='ocrx_word' id='word_1_19' title='bbox 1037 305 1207 346; x_wconf 90' lang='lat' dir='ltr'><strong>consilio</strong></span> <span class='ocrx_word' id='word_1_20' title='bbox 1247 306 1492 347; x_wconf 80' lang='lat' dir='ltr'>deformiore</span> 
     </span>
     <span class='ocr_line' id='line_1_6' title="bbox 98 366 1492 421; baseline -0.001 -13"><span class='ocrx_word' id='word_1_21' title='bbox 98 367 408 408; x_wconf 79' lang='lat' dir='ltr'><strong>meditarentur.</strong></span> <span class='ocrx_word' id='word_1_22' title='bbox 472 367 674 421; x_wconf 91' lang='lat' dir='ltr'><strong>siquidem</strong></span> <span class='ocrx_word' id='word_1_23' title='bbox 713 379 816 420; x_wconf 90' lang='lat' dir='ltr'><strong>quos</strong></span> <span class='ocrx_word' id='word_1_24' title='bbox 854 366 1015 407; x_wconf 90' lang='lat' dir='ltr'><strong>humari</strong></span> <span class='ocrx_word' id='word_1_25' title='bbox 1047 379 1126 407; x_wconf 84' lang='lat' dir='ltr'><strong>nox</strong></span> <span class='ocrx_word' id='word_1_26' title='bbox 1160 369 1367 408; x_wconf 86' lang='lat' dir='ltr'><strong>succincta</strong></span> <span class='ocrx_word' id='word_1_27' title='bbox 1398 380 1492 421; x_wconf 94' lang='lat' dir='ltr'><strong>pro-</strong></span> 
     </span>
     <span class='ocr_line' id='line_1_7' title="bbox 99 427 1492 482; baseline -0.001 -13"><span class='ocrx_word' id='word_1_28' title='bbox 99 428 304 482; x_wconf 81' lang='lat' dir='ltr'><strong>hibuerat,</strong></span> <span class='ocrx_word' id='word_1_29' title='bbox 329 427 594 469; x_wconf 82' lang='lat' dir='ltr'><strong>decervicatis</strong></span> <span class='ocrx_word' id='word_1_30' title='bbox 613 427 771 481; x_wconf 89' lang='lat' dir='ltr'><strong>liquere</strong></span> <span class='ocrx_word' id='word_1_31' title='bbox 793 427 1070 482; x_wconf 88' lang='lat' dir='ltr'><strong>cadaveribus,</strong></span> <span class='ocrx_word' id='word_1_32' title='bbox 1095 433 1301 481; x_wconf 85' lang='lat' dir='ltr'><strong>tamquam</strong></span> <span class='ocrx_word' id='word_1_33' title='bbox 1321 430 1492 468; x_wconf 86' lang='lat' dir='ltr'><strong>minoris</strong></span> 
     </span>
     <span class='ocr_line' id='line_1_8' title="bbox 101 488 1548 542; baseline -0.001 -12"><span class='ocrx_word' id='word_1_34' title='bbox 101 489 246 530; x_wconf 86' lang='lat' dir='ltr'><strong>indicii</strong></span> <span class='ocrx_word' id='word_1_35' title='bbox 287 489 394 529; x_wconf 87' lang='lat' dir='ltr'><strong>foret</strong></span> <span class='ocrx_word' id='word_1_36' title='bbox 430 501 552 542; x_wconf 92' lang='lat' dir='ltr'><strong>quem</strong></span> <span class='ocrx_word' id='word_1_37' title='bbox 589 501 672 529; x_wconf 92' lang='lat' dir='ltr'><strong>non</strong></span> <span class='ocrx_word' id='word_1_38' title='bbox 710 488 809 528; x_wconf 83' lang='lat' dir='ltr'><strong>velis</strong></span> <span class='ocrx_word' id='word_1_39' title='bbox 848 490 1014 541; x_wconf 84' lang='lat' dir='ltr'><strong>agnosci</strong></span> <span class='ocrx_word' id='word_1_40' title='bbox 1053 490 1246 529; x_wconf 89' lang='lat' dir='ltr'><strong>crinitum</strong></span> <span class='ocrx_word' id='word_1_41' title='bbox 1288 489 1492 529; x_wconf 89' lang='lat' dir='ltr'><strong>dimisisse</strong></span> <span class='ocrx_word' id='word_1_42' title='bbox 1530 500 1548 528; x_wconf 84' lang='lat'><strong>5</strong></span> 
     </span>
     <span class='ocr_line' id='line_1_9' title="bbox 100 548 1494 603; baseline 0 -13"><span class='ocrx_word' id='word_1_43' title='bbox 100 554 344 591; x_wconf 89' lang='lat' dir='ltr'><strong>truncatum.</strong></span> <span class='ocrx_word' id='word_1_44' title='bbox 415 548 455 591; x_wconf 88' lang='grc'><strong>8.</strong></span> <span class='ocrx_word' id='word_1_45' title='bbox 494 551 566 603; x_wconf 90' lang='lat' dir='ltr'><strong>qui</strong></span> <span class='ocrx_word' id='word_1_46' title='bbox 602 555 817 603; x_wconf 86' lang='lat' dir='ltr'><strong>postquam</strong></span> <span class='ocrx_word' id='word_1_47' title='bbox 856 549 946 590; x_wconf 92' lang='lat' dir='ltr'><strong>luce</strong></span> <span class='ocrx_word' id='word_1_48' title='bbox 984 549 1166 590; x_wconf 81' lang='lat' dir='ltr'><strong>revoluta</strong></span> <span class='ocrx_word' id='word_1_49' title='bbox 1203 549 1494 591; x_wconf 85' lang='lat' dir='ltr'><strong>intellexerunt</strong></span> 
     </span>
     <span class='ocr_line' id='line_1_10' title="bbox 102 610 1494 664; baseline -0.001 -13"><span class='ocrx_word' id='word_1_50' title='bbox 102 611 258 652; x_wconf 83' lang='lat' dir='ltr'><strong>furtum</strong></span> <span class='ocrx_word' id='word_1_51' title='bbox 287 611 429 651; x_wconf 85' lang='lat' dir='ltr'><strong>ruinae</strong></span> <span class='ocrx_word' id='word_1_52' title='bbox 469 623 564 651; x_wconf 90' lang='lat' dir='ltr'><strong>suae</strong></span> <span class='ocrx_word' id='word_1_53' title='bbox 598 610 756 651; x_wconf 89' lang='lat' dir='ltr'><strong>crudeli</strong></span> <span class='ocrx_word' id='word_1_54' title='bbox 786 610 938 650; x_wconf 88' lang='lat' dir='ltr'><strong>vilitate</strong></span> <span class='ocrx_word' id='word_1_55' title='bbox 971 612 1172 664; x_wconf 90' lang='lat' dir='ltr'><strong>patuisse,</strong></span> <span class='ocrx_word' id='word_1_56' title='bbox 1209 616 1296 651; x_wconf 92' lang='lat' dir='ltr'><strong>tum</strong></span> <span class='ocrx_word' id='word_1_57' title='bbox 1329 610 1494 651; x_wconf 91' lang='lat' dir='ltr'><strong>demum</strong></span> 
     </span>
     <span class='ocr_line' id='line_1_11' title="bbox 101 670 1495 725; baseline 0 -14"><span class='ocrx_word' id='word_1_58' title='bbox 101 670 235 725; x_wconf 84' lang='lat' dir='ltr'><strong>palam</strong></span> <span class='ocrx_word' id='word_1_59' title='bbox 261 671 407 712; x_wconf 87' lang='lat' dir='ltr'><strong>officiis</strong></span> <span class='ocrx_word' id='word_1_60' title='bbox 433 670 713 724; x_wconf 83' lang='lat' dir='ltr'><strong>exequialibus</strong></span> <span class='ocrx_word' id='word_1_61' title='bbox 740 670 1056 725; x_wconf 83' lang='lat' dir='ltr'><strong>occupabantur,</strong></span> <span class='ocrx_word' id='word_1_62' title='bbox 1081 684 1163 711; x_wconf 92' lang='lat' dir='ltr'><strong>non</strong></span> <span class='ocrx_word' id='word_1_63' title='bbox 1189 673 1318 724; x_wconf 90' lang='lat' dir='ltr'><strong>magis</strong></span> <span class='ocrx_word' id='word_1_64' title='bbox 1339 671 1495 712; x_wconf 88' lang='lat' dir='ltr'><strong>cladem</strong></span> 
     </span>
     <span class='ocr_line' id='line_1_12' title="bbox 102 731 1495 787; baseline 0.001 -15"><span class='ocrx_word' id='word_1_65' title='bbox 102 731 247 773; x_wconf 81' lang='lat' dir='ltr'><strong>fraude</strong></span> <span class='ocrx_word' id='word_1_66' title='bbox 291 744 413 785; x_wconf 90' lang='lat' dir='ltr'><strong>quam</strong></span> <span class='ocrx_word' id='word_1_67' title='bbox 457 732 641 773; x_wconf 88' lang='lat' dir='ltr'><strong>fraudem</strong></span> <span class='ocrx_word' id='word_1_68' title='bbox 685 732 943 772; x_wconf 87' lang='lat' dir='ltr'><strong>festinatione</strong></span> <span class='ocrx_word' id='word_1_69' title='bbox 995 732 1190 786; x_wconf 86' lang='lat' dir='ltr'><strong>celantes3</strong></span> <span class='ocrx_word' id='word_1_70' title='bbox 1242 734 1302 773; x_wconf 90' lang='lat' dir='ltr'><strong>sic</strong></span> <span class='ocrx_word' id='word_1_71' title='bbox 1346 737 1495 787; x_wconf 86' lang='lat' dir='ltr'><strong>tamen,</strong></span> 
     </span>
     <span class='ocr_line' id='line_1_13' title="bbox 105 792 1551 848; baseline -0.001 -15"><span class='ocrx_word' id='word_1_72' title='bbox 105 792 214 846; x_wconf 90' lang='lat' dir='ltr'><strong>quod</strong></span> <span class='ocrx_word' id='word_1_73' title='bbox 245 805 322 834; x_wconf 88' lang='lat' dir='ltr'><strong>nec</strong></span> <span class='ocrx_word' id='word_1_74' title='bbox 355 805 447 833; x_wconf 91' lang='lat' dir='ltr'><strong>ossa</strong></span> <span class='ocrx_word' id='word_1_75' title='bbox 477 792 733 834; x_wconf 88' lang='lat' dir='ltr'><strong>tumultuarii</strong></span> <span class='ocrx_word' id='word_1_76' title='bbox 758 794 949 848; x_wconf 87' lang='lat' dir='ltr'><strong>caespitis</strong></span> <span class='ocrx_word' id='word_1_77' title='bbox 975 792 1080 833; x_wconf 91' lang='lat' dir='ltr'><strong>mole</strong></span> <span class='ocrx_word' id='word_1_78' title='bbox 1107 792 1373 848; x_wconf 87' lang='lat' dir='ltr'><strong>tumulabant,</strong></span> <span class='ocrx_word' id='word_1_79' title='bbox 1406 795 1494 846; x_wconf 88' lang='lat' dir='ltr'><strong>qui·</strong></span> <span class='ocrx_word' id='word_1_80' title='bbox 1514 805 1551 832; x_wconf 84' lang='grc' dir='ltr'><strong>ιο</strong></span> 
     </span>
     <span class='ocr_line' id='line_1_14' title="bbox 104 852 1495 907; baseline 0 -13"><span class='ocrx_word' id='word_1_81' title='bbox 104 853 182 894; x_wconf 89' lang='lat' dir='ltr'><strong>bus</strong></span> <span class='ocrx_word' id='word_1_82' title='bbox 222 865 299 894; x_wconf 89' lang='lat' dir='ltr'><strong>nec</strong></span> <span class='ocrx_word' id='word_1_83' title='bbox 341 852 461 894; x_wconf 88' lang='lat' dir='ltr'><strong>elutis</strong></span> <span class='ocrx_word' id='word_1_84' title='bbox 499 855 741 894; x_wconf 79' lang='lat' dir='ltr'><strong>vestimenta</strong></span> <span class='ocrx_word' id='word_1_85' title='bbox 778 866 854 894; x_wconf 92' lang='lat' dir='ltr'><strong>nec</strong></span> <span class='ocrx_word' id='word_1_86' title='bbox 892 854 1051 894; x_wconf 84' lang='lat' dir='ltr'><strong>vestitis</strong></span> <span class='ocrx_word' id='word_1_87' title='bbox 1090 853 1304 907; x_wconf 90' lang='lat' dir='ltr'><strong>sepulchra</strong></span> <span class='ocrx_word' id='word_1_88' title='bbox 1341 854 1495 895; x_wconf 90' lang='lat' dir='ltr'><strong>tribue-</strong></span> 
     </span>
     <span class='ocr_line' id='line_1_15' title="bbox 103 913 1497 968; baseline 0.001 -14"><span class='ocrx_word' id='word_1_89' title='bbox 103 913 220 968; x_wconf 89' lang='lat' dir='ltr'><strong>bant,</strong></span> <span class='ocrx_word' id='word_1_90' title='bbox 264 915 370 954; x_wconf 91' lang='lat' dir='ltr'><strong>iuste</strong></span> <span class='ocrx_word' id='word_1_91' title='bbox 416 915 475 955; x_wconf 93' lang='lat' dir='ltr'><strong>sic</strong></span> <span class='ocrx_word' id='word_1_92' title='bbox 518 916 690 955; x_wconf 84' lang='lat' dir='ltr'><strong>mortuis</strong></span> <span class='ocrx_word' id='word_1_93' title='bbox 735 914 829 955; x_wconf 86' lang='lat' dir='ltr'><strong>talia</strong></span> <span class='ocrx_word' id='word_1_94' title='bbox 873 916 979 954; x_wconf 89' lang='lat' dir='ltr'><strong>iusta</strong></span> <span class='ocrx_word' id='word_1_95' title='bbox 1023 914 1238 955; x_wconf 85' lang='lat' dir='ltr'><strong>solventes.</strong></span> <span class='ocrx_word' id='word_1_96' title='bbox 1311 914 1497 956; x_wconf 89' lang='lat' dir='ltr'><strong>iacebant</strong></span> 
     </span>
     <span class='ocr_line' id='line_1_16' title="bbox 105 974 1496 1033; baseline 0.001 -19"><span class='ocrx_word' id='word_1_97' title='bbox 105 987 276 1028; x_wconf 88' lang='lat' dir='ltr'><strong>corpora</strong></span> <span class='ocrx_word' id='word_1_98' title='bbox 318 974 499 1028; x_wconf 90' lang='lat' dir='ltr'><strong>undique</strong></span> <span class='ocrx_word' id='word_1_99' title='bbox 548 975 734 1016; x_wconf 89' lang='lat' dir='ltr'><strong>locorum</strong></span> <span class='ocrx_word' id='word_1_100' title='bbox 775 975 969 1033; x_wconf 65' lang='lat' dir='ltr'><strong>plaustris</strong></span> <span class='ocrx_word' id='word_1_101' title='bbox 1014 980 1205 1016; x_wconf 83' lang='lat' dir='ltr'><strong>convecta</strong></span> <span class='ocrx_word' id='word_1_102' title='bbox 1250 975 1496 1030; x_wconf 90' lang='lat' dir='ltr'><strong>rorantibus,</strong></span> 
     </span>
     <span class='ocr_line' id='line_1_17' title="bbox 106 1035 1496 1090; baseline 0.001 -15"><span class='ocrx_word' id='word_1_103' title='bbox 106 1047 223 1090; x_wconf 90' lang='lat' dir='ltr'><strong>quae,</strong></span> <span class='ocrx_word' id='word_1_104' title='bbox 261 1037 451 1088; x_wconf 89' lang='lat' dir='ltr'><strong>quoniam</strong></span> <span class='ocrx_word' id='word_1_105' title='bbox 482 1035 682 1088; x_wconf 90' lang='lat' dir='ltr'><strong>perculsis</strong></span> <span class='ocrx_word' id='word_1_106' title='bbox 714 1036 996 1076; x_wconf 90' lang='lat' dir='ltr'><strong>indesinenter</strong></span> <span class='ocrx_word' id='word_1_107' title='bbox 1032 1035 1311 1090; x_wconf 88' lang='lat' dir='ltr'><strong>incumberes,</strong></span> <span class='ocrx_word' id='word_1_108' title='bbox 1348 1038 1496 1090; x_wconf 89' lang='lat' dir='ltr'><strong>raptim</strong></span> 
     </span>
     <span class='ocr_line' id='line_1_18' title="bbox 108 1095 1552 1150; baseline 0.001 -14"><span class='ocrx_word' id='word_1_109' title='bbox 108 1097 319 1136; x_wconf 87' lang='lat' dir='ltr'><strong>succensis</strong></span> <span class='ocrx_word' id='word_1_110' title='bbox 351 1095 542 1137; x_wconf 90' lang='lat' dir='ltr'><strong>conclusa</strong></span> <span class='ocrx_word' id='word_1_111' title='bbox 574 1096 792 1137; x_wconf 84' lang='lat' dir='ltr'><strong>domiciliis</strong></span> <span class='ocrx_word' id='word_1_112' title='bbox 825 1096 1047 1137; x_wconf 90' lang='lat' dir='ltr'><strong>culminum</strong></span> <span class='ocrx_word' id='word_1_113' title='bbox 1073 1096 1404 1150; x_wconf 91' lang='lat' dir='ltr'><strong>superlabentum</strong></span> <span class='ocrx_word' id='word_1_114' title='bbox 1430 1110 1495 1137; x_wconf 91' lang='lat' dir='ltr'><strong>ro-</strong></span> <span class='ocrx_word' id='word_1_115' title='bbox 1516 1110 1552 1137; x_wconf 86' lang='lat'><strong>15</strong></span> 
     </span>
     <span class='ocr_line' id='line_1_19' title="bbox 107 1155 1498 1211; baseline 0.001 -15"><span class='ocrx_word' id='word_1_116' title='bbox 107 1155 264 1209; x_wconf 88' lang='lat' dir='ltr'><strong>galibus</strong></span> <span class='ocrx_word' id='word_1_117' title='bbox 296 1157 533 1210; x_wconf 80' lang='lat' dir='ltr'><strong>fragmentis</strong></span> <span class='ocrx_word' id='word_1_118' title='bbox 571 1157 874 1198; x_wconf 83' lang='lat' dir='ltr'><strong>funerabantur.</strong></span> <span class='ocrx_word' id='word_1_119' title='bbox 938 1155 978 1198; x_wconf 90' lang='grc'><strong>9.</strong></span> <span class='ocrx_word' id='word_1_120' title='bbox 1012 1157 1083 1198; x_wconf 90' lang='lat' dir='ltr'><strong>sed</strong></span> <span class='ocrx_word' id='word_1_121' title='bbox 1122 1157 1219 1211; x_wconf 86' lang='lat' dir='ltr'><strong>quid</strong></span> <span class='ocrx_word' id='word_1_122' title='bbox 1259 1170 1333 1211; x_wconf 88' lang='lat' dir='ltr'><strong>ego</strong></span> <span class='ocrx_word' id='word_1_123' title='bbox 1371 1159 1498 1198; x_wconf 89' lang='lat' dir='ltr'><strong>istaec</strong></span> 
     </span>
     <span class='ocr_line' id='line_1_20' title="bbox 107 1217 1497 1273; baseline 0.001 -16"><span class='ocrx_word' id='word_1_124' title='bbox 107 1218 216 1258; x_wconf 91' lang='lat' dir='ltr'><strong>iusto</strong></span> <span class='ocrx_word' id='word_1_125' title='bbox 246 1217 478 1271; x_wconf 92' lang='lat' dir='ltr'><strong>plusculum</strong></span> <span class='ocrx_word' id='word_1_126' title='bbox 510 1220 657 1273; x_wconf 89' lang='lat' dir='ltr'><strong>garrio,</strong></span> <span class='ocrx_word' id='word_1_127' title='bbox 696 1219 767 1272; x_wconf 88' lang='lat' dir='ltr'><strong>qui</strong></span> <span class='ocrx_word' id='word_1_128' title='bbox 797 1218 982 1258; x_wconf 89' lang='lat' dir='ltr'><strong>laborum</strong></span> <span class='ocrx_word' id='word_1_129' title='bbox 1014 1223 1177 1259; x_wconf 89' lang='lat' dir='ltr'><strong>tuorum</strong></span> <span class='ocrx_word' id='word_1_130' title='bbox 1210 1231 1292 1259; x_wconf 91' lang='lat' dir='ltr'><strong>non</strong></span> <span class='ocrx_word' id='word_1_131' title='bbox 1325 1231 1374 1259; x_wconf 83' lang='lat' dir='ltr'><strong>ex</strong></span> <span class='ocrx_word' id='word_1_132' title='bbox 1408 1231 1497 1259; x_wconf 89' lang='lat' dir='ltr'><strong>asse</strong></span> 
     </span>
     <span class='ocr_line' id='line_1_21' title="bbox 106 1277 1497 1333; baseline 0.001 -15"><span class='ocrx_word' id='word_1_133' title='bbox 106 1277 319 1319; x_wconf 91' lang='lat' dir='ltr'><strong>historiam</strong></span> <span class='ocrx_word' id='word_1_134' title='bbox 362 1283 501 1319; x_wconf 85' lang='lat' dir='ltr'><strong>texere</strong></span> <span class='ocrx_word' id='word_1_135' title='bbox 547 1279 619 1319; x_wconf 92' lang='lat' dir='ltr'><strong>sed</strong></span> <span class='ocrx_word' id='word_1_136' title='bbox 662 1292 738 1332; x_wconf 94' lang='lat' dir='ltr'><strong>pro</strong></span> <span class='ocrx_word' id='word_1_137' title='bbox 779 1285 895 1332; x_wconf 92' lang='lat' dir='ltr'><strong>parte</strong></span> <span class='ocrx_word' id='word_1_138' title='bbox 933 1281 1172 1319; x_wconf 90' lang='lat' dir='ltr'><strong>memoriam</strong></span> <span class='ocrx_word' id='word_1_139' title='bbox 1210 1279 1342 1320; x_wconf 86' lang='lat' dir='ltr'><strong>facere</strong></span> <span class='ocrx_word' id='word_1_140' title='bbox 1381 1292 1497 1333; x_wconf 90' lang='lat' dir='ltr'><strong>prae-</strong></span> 
     </span>
     <span class='ocr_line' id='line_1_22' title="bbox 109 1339 1496 1394; baseline 0.001 -15"><span class='ocrx_word' id='word_1_141' title='bbox 109 1339 285 1393; x_wconf 89' lang='lat' dir='ltr'><strong>sumpsi,</strong></span> <span class='ocrx_word' id='word_1_142' title='bbox 329 1351 409 1392; x_wconf 87' lang='lat' dir='ltr'><strong>quo</strong></span> <span class='ocrx_word' id='word_1_143' title='bbox 446 1341 576 1392; x_wconf 87' lang='lat' dir='ltr'><strong>magis</strong></span> <span class='ocrx_word' id='word_1_144' title='bbox 619 1340 809 1380; x_wconf 92' lang='lat' dir='ltr'><strong>crederes</strong></span> <span class='ocrx_word' id='word_1_145' title='bbox 846 1341 951 1380; x_wconf 80' lang='lat' dir='ltr'><strong>votis</strong></span> <span class='ocrx_word' id='word_1_146' title='bbox 988 1345 1172 1394; x_wconf 88' lang='lat' dir='ltr'><strong>tuorum,</strong></span> <span class='ocrx_word' id='word_1_147' title='bbox 1218 1353 1392 1393; x_wconf 90' lang='lat' dir='ltr'><strong>quorum</strong></span> <span class='ocrx_word' id='word_1_148' title='bbox 1430 1353 1496 1380; x_wconf 88' lang='lat' dir='ltr'><strong>ex-</strong></span> 
     </span>
     <span class='ocr_line' id='line_1_23' title="bbox 107 1399 1551 1454; baseline 0.001 -15"><span class='ocrx_word' id='word_1_149' title='bbox 107 1401 329 1452; x_wconf 90' lang='lat' dir='ltr'><strong>pectationi</strong></span> <span class='ocrx_word' id='word_1_150' title='bbox 366 1402 621 1452; x_wconf 84' lang='lat' dir='ltr'><strong>aegrescenti</strong></span> <span class='ocrx_word' id='word_1_151' title='bbox 657 1400 767 1441; x_wconf 89' lang='lat' dir='ltr'><strong>nulla</strong></span> <span class='ocrx_word' id='word_1_152' title='bbox 806 1399 1010 1441; x_wconf 89' lang='lat' dir='ltr'><strong>salubrius</strong></span> <span class='ocrx_word' id='word_1_153' title='bbox 1049 1402 1243 1454; x_wconf 89' lang='lat' dir='ltr'><strong>ociusque</strong></span> <span class='ocrx_word' id='word_1_154' title='bbox 1282 1414 1403 1454; x_wconf 91' lang='lat' dir='ltr'><strong>quam</strong></span> <span class='ocrx_word' id='word_1_155' title='bbox 1434 1402 1495 1441; x_wconf 89' lang='lat' dir='ltr'><strong>tui</strong></span> <span class='ocrx_word' id='word_1_156' title='bbox 1515 1415 1551 1442; x_wconf 77' lang='lat'><strong>20</strong></span> 
     </span>
     <span class='ocr_line' id='line_1_24' title="bbox 110 1459 1495 1515; baseline 0.002 -16"><span class='ocrx_word' id='word_1_157' title='bbox 110 1459 306 1500; x_wconf 84' lang='lat' dir='ltr'><strong>adventus</strong></span> <span class='ocrx_word' id='word_1_158' title='bbox 338 1460 518 1500; x_wconf 85' lang='lat' dir='ltr'><strong>remedia</strong></span> <span class='ocrx_word' id='word_1_159' title='bbox 556 1459 897 1502; x_wconf 75' lang='lat' dir='ltr'><strong>medicabuntur?</strong></span> <span class='ocrx_word' id='word_1_160' title='bbox 959 1462 1102 1515; x_wconf 85' lang='lat' dir='ltr'><strong>igitur,</strong></span> <span class='ocrx_word' id='word_1_161' title='bbox 1141 1463 1177 1501; x_wconf 90' lang='lat' dir='ltr'><strong>si</strong></span> <span class='ocrx_word' id='word_1_162' title='bbox 1209 1461 1306 1515; x_wconf 92' lang='lat' dir='ltr'><strong>quid</strong></span> <span class='ocrx_word' id='word_1_163' title='bbox 1339 1467 1495 1502; x_wconf 87' lang='lat' dir='ltr'><strong>nostra-</strong></span> 
     </span>
     <span class='ocr_line' id='line_1_25' title="bbox 110 1520 1497 1576; baseline 0.001 -16"><span class='ocrx_word' id='word_1_164' title='bbox 110 1521 213 1560; x_wconf 91' lang='lat' dir='ltr'><strong>tium</strong></span> <span class='ocrx_word' id='word_1_165' title='bbox 244 1520 478 1573; x_wconf 88' lang='lat' dir='ltr'><strong>precatibus</strong></span> <span class='ocrx_word' id='word_1_166' title='bbox 518 1521 766 1575; x_wconf 85' lang='lat' dir='ltr'><strong>adquiescis,</strong></span> <span class='ocrx_word' id='word_1_167' title='bbox 805 1526 983 1562; x_wconf 90' lang='lat' dir='ltr'><strong>actutum</strong></span> <span class='ocrx_word' id='word_1_168' title='bbox 1023 1523 1066 1561; x_wconf 90' lang='lat' dir='ltr'><strong>in</strong></span> <span class='ocrx_word' id='word_1_169' title='bbox 1102 1524 1275 1575; x_wconf 88' lang='lat' dir='ltr'><strong>patriam</strong></span> <span class='ocrx_word' id='word_1_170' title='bbox 1314 1523 1497 1576; x_wconf 88' lang='lat' dir='ltr'><strong>receptui</strong></span> 
     </span>
     <span class='ocr_line' id='line_1_26' title="bbox 111 1580 1497 1636; baseline 0.001 -15"><span class='ocrx_word' id='word_1_171' title='bbox 111 1592 258 1621; x_wconf 89' lang='lat' dir='ltr'><strong>canere</strong></span> <span class='ocrx_word' id='word_1_172' title='bbox 302 1580 451 1621; x_wconf 87' lang='lat' dir='ltr'><strong>festina</strong></span> <span class='ocrx_word' id='word_1_173' title='bbox 495 1588 536 1622; x_wconf 90' lang='lat' dir='ltr'><strong>et</strong></span> <span class='ocrx_word' id='word_1_174' title='bbox 579 1582 859 1622; x_wconf 81' lang='lat' dir='ltr'><strong>assiduitatem</strong></span> <span class='ocrx_word' id='word_1_175' title='bbox 903 1587 1014 1622; x_wconf 90' lang='lat' dir='ltr'><strong>tuam</strong></span> <span class='ocrx_word' id='word_1_176' title='bbox 1057 1582 1310 1635; x_wconf 90' lang='lat' dir='ltr'><strong>periculosae</strong></span> <span class='ocrx_word' id='word_1_177' title='bbox 1354 1595 1497 1636; x_wconf 89' lang='lat' dir='ltr'><strong>regum</strong></span> 
     </span>
     <span class='ocr_line' id='line_1_27' title="bbox 110 1640 1496 1696; baseline 0.002 -15"><span class='ocrx_word' id='word_1_178' title='bbox 110 1640 375 1682; x_wconf 79' lang='lat' dir='ltr'><strong>familiaritati</strong></span> <span class='ocrx_word' id='word_1_179' title='bbox 412 1641 522 1682; x_wconf 89' lang='lat' dir='ltr'><strong>celer</strong></span> <span class='ocrx_word' id='word_1_180' title='bbox 559 1644 710 1696; x_wconf 84' lang='lat' dir='ltr'><strong>exime,</strong></span> <span class='ocrx_word' id='word_1_181' title='bbox 755 1655 928 1695; x_wconf 91' lang='lat' dir='ltr'><strong>quorum</strong></span> <span class='ocrx_word' id='word_1_182' title='bbox 967 1643 1304 1684; x_wconf 89' lang='lat' dir='ltr'><strong>consuetudinem</strong></span> <span class='ocrx_word' id='word_1_183' title='bbox 1341 1648 1496 1696; x_wconf 85' lang='lat' dir='ltr'><strong>specta-</strong></span> 
     </span>
     <span class='ocr_line' id='line_1_28' title="bbox 110 1702 1554 1757; baseline 0.002 -15"><span class='ocrx_word' id='word_1_184' title='bbox 110 1703 295 1743; x_wconf 88' lang='lat' dir='ltr'><strong>tissimus</strong></span> <span class='ocrx_word' id='word_1_185' title='bbox 328 1703 500 1755; x_wconf 88' lang='lat' dir='ltr'><strong>quisque</strong></span> <span class='ocrx_word' id='word_1_186' title='bbox 533 1702 785 1743; x_wconf 86' lang='lat' dir='ltr'><strong>flammarum</strong></span> <span class='ocrx_word' id='word_1_187' title='bbox 818 1708 985 1743; x_wconf 92' lang='lat' dir='ltr'><strong>naturae</strong></span> <span class='ocrx_word' id='word_1_188' title='bbox 1011 1702 1115 1744; x_wconf 89' lang='lat' dir='ltr'><strong>bene</strong></span> <span class='ocrx_word' id='word_1_189' title='bbox 1143 1709 1362 1757; x_wconf 85' lang='lat' dir='ltr'><strong>comparat,</strong></span> <span class='ocrx_word' id='word_1_190' title='bbox 1394 1717 1497 1757; x_wconf 90' lang='lat' dir='ltr'><strong>quae</strong></span> <span class='ocrx_word' id='word_1_191' title='bbox 1518 1718 1554 1746; x_wconf 83' lang='lat'><strong>25</strong></span> 
     </span>
    </p>
   </div>
   <div class='ocr_carea' id='block_1_5' title="bbox 111 1762 1498 1865">
    <p class='ocr_par' dir='ltr' id='par_1_5' title="bbox 111 1762 1498 1865">
     <span class='ocr_line' id='line_1_29' title="bbox 112 1762 1498 1818; baseline 0.001 -15"><span class='ocrx_word' id='word_1_192' title='bbox 112 1763 219 1803; x_wconf 88' lang='lat' dir='ltr'><strong>sicut</strong></span> <span class='ocrx_word' id='word_1_193' title='bbox 248 1762 457 1816; x_wconf 89' lang='lat' dir='ltr'><strong>paululum</strong></span> <span class='ocrx_word' id='word_1_194' title='bbox 489 1776 511 1803; x_wconf 91' lang='lat' dir='ltr'><strong>a</strong></span> <span class='ocrx_word' id='word_1_195' title='bbox 544 1776 587 1804; x_wconf 92' lang='lat' dir='ltr'><strong>se</strong></span> <span class='ocrx_word' id='word_1_196' title='bbox 620 1769 775 1804; x_wconf 90' lang='lat' dir='ltr'><strong>remota</strong></span> <span class='ocrx_word' id='word_1_197' title='bbox 807 1763 1063 1818; x_wconf 86' lang='lat' dir='ltr'><strong>inluminant,</strong></span> <span class='ocrx_word' id='word_1_198' title='bbox 1102 1765 1157 1804; x_wconf 91' lang='lat' dir='ltr'><strong>ita</strong></span> <span class='ocrx_word' id='word_1_199' title='bbox 1190 1766 1288 1804; x_wconf 89' lang='lat' dir='ltr'><strong>satis</strong></span> <span class='ocrx_word' id='word_1_200' title='bbox 1321 1764 1400 1804; x_wconf 90' lang='lat' dir='ltr'><strong>sibi</strong></span> <span class='ocrx_word' id='word_1_201' title='bbox 1431 1764 1498 1805; x_wconf 86' lang='lat' dir='ltr'><strong>ad-</strong></span> 
     </span>
     <span class='ocr_line' id='line_1_30' title="bbox 111 1823 666 1865; baseline 0.004 -2"><span class='ocrx_word' id='word_1_202' title='bbox 111 1827 220 1864; x_wconf 89' lang='lat' dir='ltr'><strong>mota</strong></span> <span class='ocrx_word' id='word_1_203' title='bbox 251 1823 505 1864; x_wconf 87' lang='lat' dir='ltr'><strong>comburunt.</strong></span> <span class='ocrx_word' id='word_1_204' title='bbox 567 1823 666 1865; x_wconf 79' lang='lat' dir='ltr'><strong>vale.</strong></span> 
     </span>
    </p>
   </div>
   <div class='ocr_carea' id='block_1_6' title="bbox 113 1975 1503 2122">
    <p class='ocr_par' dir='ltr' id='par_1_6' title="bbox 113 1975 1503 2122">
     <span class='ocr_line' id='line_1_31' title="bbox 214 1975 1501 2024; baseline 0.002 -13"><span class='ocrx_word' id='word_1_205' title='bbox 214 1979 235 2011; x_wconf 81' lang='lat'>1</span> <span class='ocrx_word' id='word_1_206' title='bbox 262 1975 366 2022; x_wconf 81' lang='lat' dir='ltr'><strong>parti</strong></span> <span class='ocrx_word' id='word_1_207' title='bbox 392 1988 470 2024; x_wconf 76' lang='lat' dir='ltr'><strong>eyo,</strong></span> <span class='ocrx_word' id='word_1_208' title='bbox 492 1975 616 2023; x_wconf 65' lang='lat' dir='ltr'><strong>parus</strong></span> <span class='ocrx_word' id='word_1_209' title='bbox 642 1977 747 2014; x_wconf 82' lang='lat' dir='ltr'><strong>codd.</strong></span> <span class='ocrx_word' id='word_1_210' title='bbox 767 1979 780 2023; x_wconf 81' lang='lat' dir='ltr'><strong>u</strong></span> <span class='ocrx_word' id='word_1_211' title='bbox 799 1981 821 2012; x_wconf 84' lang='lat'><strong>2</strong></span> <span class='ocrx_word' id='word_1_212' title='bbox 849 1976 1123 2013; x_wconf 86' lang='lat' dir='ltr'><strong>deformosiore</strong></span> <span class='ocrx_word' id='word_1_213' title='bbox 1149 1978 1200 2013; x_wconf 84' lang='lat' dir='ltr'><strong><em>M</em></strong></span> <span class='ocrx_word' id='word_1_214' title='bbox 1203 1977 1313 2023; x_wconf 77' lang='lat' dir='ltr'><strong>PFu</strong></span> <span class='ocrx_word' id='word_1_215' title='bbox 1339 1981 1360 2013; x_wconf 89' lang='lat'>5</span> <span class='ocrx_word' id='word_1_216' title='bbox 1386 1989 1501 2022; x_wconf 90' lang='lat' dir='ltr'><strong>quem</strong></span> 
     </span>
     <span class='ocr_line' id='line_1_32' title="bbox 114 2023 1499 2073; baseline 0.004 -15"><span class='ocrx_word' id='word_1_217' title='bbox 114 2034 192 2059; x_wconf 87' lang='lat' dir='ltr'><strong>non</strong></span> <span class='ocrx_word' id='word_1_218' title='bbox 217 2023 315 2060; x_wconf 89' lang='lat' dir='ltr'><strong>velis</strong></span> <span class='ocrx_word' id='word_1_219' title='bbox 341 2025 589 2073; x_wconf 72' lang='lat' dir='ltr'><strong>Enyelbrecht</strong></span> <span class='ocrx_word' id='word_1_220' title='bbox 614 2026 694 2062; x_wconf 83' lang='lat' dir='ltr'><strong>coll.</strong></span> <span class='ocrx_word' id='word_1_221' title='bbox 715 2026 848 2063; x_wconf 81' lang='lat' dir='ltr'><strong>Ruric.</strong></span> <span class='ocrx_word' id='word_1_222' title='bbox 875 2038 929 2072; x_wconf 79' lang='lat' dir='ltr'><strong>ep.</strong></span> <span class='ocrx_word' id='word_1_223' title='bbox 950 2027 1010 2070; x_wconf 88' lang='lat' dir='ltr'><strong>II,</strong></span> <span class='ocrx_word' id='word_1_224' title='bbox 1030 2029 1091 2070; x_wconf 86' lang='lat'><strong>65,</strong></span> <span class='ocrx_word' id='word_1_225' title='bbox 1117 2037 1233 2072; x_wconf 83' lang='lat' dir='ltr'><strong>qua-m</strong></span> <span class='ocrx_word' id='word_1_226' title='bbox 1260 2029 1338 2069; x_wconf 83' lang='lat' dir='ltr'><strong>(am</strong></span> <span class='ocrx_word' id='word_1_227' title='bbox 1363 2027 1407 2062; x_wconf 77' lang='lat' dir='ltr'><strong>in</strong></span> <span class='ocrx_word' id='word_1_228' title='bbox 1424 2038 1499 2063; x_wconf 81' lang='lat' dir='ltr'><strong>ras.</strong></span> 
     </span>
     <span class='ocr_line' id='line_1_33' title="bbox 113 2071 1503 2122; baseline 0.002 -14"><span class='ocrx_word' id='word_1_229' title='bbox 113 2071 196 2118; x_wconf 65' lang='grc' dir='ltr'><strong>Μ’)</strong></span> <span class='ocrx_word' id='word_1_230' title='bbox 223 2072 326 2108; x_wconf 78' lang='lat' dir='ltr'><strong>villis</strong></span> <span class='ocrx_word' id='word_1_231' title='bbox 346 2075 462 2120; x_wconf 66' lang='lat' dir='ltr'><strong>codd,</strong></span> <span class='ocrx_word' id='word_1_232' title='bbox 489 2085 604 2119; x_wconf 89' lang='lat' dir='ltr'><strong>quem</strong></span> <span class='ocrx_word' id='word_1_233' title='bbox 620 2073 744 2110; x_wconf 87' lang='lat' dir='ltr'><strong>nolles</strong></span> <span class='ocrx_word' id='word_1_234' title='bbox 758 2074 1001 2120; x_wconf 70' lang='lat' dir='ltr'><strong>Luety&#39;ohann</strong></span> <span class='ocrx_word' id='word_1_235' title='bbox 1019 2076 1031 2121; x_wconf 86' lang='grc' dir='ltr'><strong>ΙΙ</strong></span> <span class='ocrx_word' id='word_1_236' title='bbox 1053 2078 1095 2110; x_wconf 87' lang='grc'><strong>11</strong></span> <span class='ocrx_word' id='word_1_237' title='bbox 1118 2075 1242 2110; x_wconf 86' lang='lat' dir='ltr'><strong>exutis</strong></span> <span class='ocrx_word' id='word_1_238' title='bbox 1255 2075 1503 2122; x_wconf 69' lang='lat' dir='ltr'><strong>Enyelbrecht</strong></span> 
     </span>
    </p>
   </div>
   <div class='ocr_carea' id='block_1_7' title="bbox 114 2120 1504 2218">
    <p class='ocr_par' dir='ltr' id='par_1_7' title="bbox 114 2120 1504 2218">
     <span class='ocr_line' id='line_1_34' title="bbox 114 2120 1504 2169; baseline 0.001 -12"><span class='ocrx_word' id='word_1_239' title='bbox 114 2120 128 2168; x_wconf 80' lang='grc' dir='ltr'>Η</span> <span class='ocrx_word' id='word_1_240' title='bbox 154 2125 200 2157; x_wconf 86' lang='grc'><strong>15</strong></span> <span class='ocrx_word' id='word_1_241' title='bbox 226 2121 552 2167; x_wconf 79' lang='lat' dir='ltr'><strong>superlabentium</strong></span> <span class='ocrx_word' id='word_1_242' title='bbox 579 2122 632 2158; x_wconf 88' lang='grc' dir='ltr'><em>Μ</em></span> <span class='ocrx_word' id='word_1_243' title='bbox 644 2124 657 2167; x_wconf 77' lang='grc' dir='ltr'><strong>ΙΙ</strong></span> <span class='ocrx_word' id='word_1_244' title='bbox 678 2127 723 2159; x_wconf 85' lang='grc'><strong>16</strong></span> <span class='ocrx_word' id='word_1_245' title='bbox 748 2122 871 2160; x_wconf 85' lang='lat' dir='ltr'><strong>istaec</strong></span> <span class='ocrx_word' id='word_1_246' title='bbox 897 2123 944 2169; x_wconf 82' lang='lat' dir='ltr'><strong>L,</strong></span> <span class='ocrx_word' id='word_1_247' title='bbox 970 2123 1066 2160; x_wconf 83' lang='lat' dir='ltr'><strong>istee</strong></span> <span class='ocrx_word' id='word_1_248' title='bbox 1088 2123 1169 2168; x_wconf 78' lang='grc' dir='ltr'><strong>ΟΡ,</strong></span> <span class='ocrx_word' id='word_1_249' title='bbox 1196 2124 1273 2159; x_wconf 85' lang='lat' dir='ltr'><strong>ista</strong></span> <span class='ocrx_word' id='word_1_250' title='bbox 1299 2122 1394 2159; x_wconf 82' lang='lat' dir='ltr'><strong>haec</strong></span> <span class='ocrx_word' id='word_1_251' title='bbox 1414 2123 1504 2160; x_wconf 80' lang='lat' dir='ltr'><strong>MT</strong></span> 
     </span>
     <span class='ocr_line' id='line_1_35' title="bbox 114 2169 650 2218; baseline 0.002 -12"><span class='ocrx_word' id='word_1_252' title='bbox 114 2169 127 2217; x_wconf 76' lang='grc' dir='ltr'><strong>ΙΞ</strong></span> <span class='ocrx_word' id='word_1_253' title='bbox 153 2172 201 2205; x_wconf 81' lang='grc'><strong>24</strong></span> <span class='ocrx_word' id='word_1_254' title='bbox 226 2169 515 2216; x_wconf 82' lang='lat' dir='ltr'><strong>expertissimus</strong></span> <span class='ocrx_word' id='word_1_255' title='bbox 541 2170 650 2218; x_wconf 76' lang='lat' dir='ltr'><strong>Leon</strong></span> 
     </span>
    </p>
   </div>
  </div>
 </body>
</html>
