1592 2612
154 142 242 185 104
638 139 787 175 LIBER
813 138 1054 183 QUARTUS.

152 244 291 284 dotum
329 244 490 296 praevio
522 243 687 295 partim,
725 242 873 295 partim
905 241 1122 281 comitante
1154 239 1344 295 collegio,
1382 239 1539 282 scilicet

150 309 197 345 ut
234 304 453 356 municipio
496 314 676 342 summus
714 301 859 354 aliquis
898 302 1067 341 antistes
1107 300 1379 355 ordinaretur,
1419 303 1538 342 cuius

152 363 346 404 ecclesiae
388 362 599 415 disciplina
650 362 833 416 nutabat,
883 366 1095 415 postquam
1140 362 1276 402 iunior
1319 363 1538 415 episcopus

151 424 298 464 Paulus
342 423 585 463 discesserat
628 423 956 476 decesseratque,
1008 426 1256 475 exceperunt
1304 422 1536 475 pontificale

113 500 131 527 5
152 484 367 525 concilium
399 485 530 523 variae
562 483 789 523 voluntates
822 483 1137 536 oppidanorum,
1174 495 1250 523 nec
1281 494 1363 523 non
1396 487 1437 524 et
1467 483 1536 524 illa

152 557 252 597 quae
301 544 450 583 bonum
493 542 701 596 publicum
746 556 907 596 semper
951 547 1138 583 evertunt
1181 543 1315 584 studia
1357 545 1537 599 privat-‘13

152 604 190 645 2.
213 617 313 657 quae
341 604 503 657 quidam
529 605 807 644 triumviratus
834 604 1074 644 accenderat
1099 605 1409 660 conpetitorum,
1435 616 1534 658 quo-

150 677 241 705 rum
279 665 345 704 hic
384 665 588 717 antiquam
626 664 820 705 natalium
857 666 1178 717 praerogativam
1215 664 1372 718 reliqua
1410 665 1534 706 desti—

150 730 261 766 tutus
299 737 458 764 morum
498 725 589 764 dote
628 724 829 779 ructabat,
867 724 933 765 hic
972 738 1046 778 per
1084 726 1264 778 fragores
1295 727 1536 779 parasiticos

96 801 131 827 10
151 785 374 826 culinarum
408 785 597 837 suffragio
631 791 882 838 comparatos
908 786 1112 838 Apicianis
1139 785 1349 839 plausibus
1375 788 1534 840 ingere-

148 845 284 900 batur,
325 845 411 900 1116,
444 847 555 898 apice
588 847 719 885 votivo
754 847 788 886 si
820 847 1039 900 potiretur,
1071 848 1192 887 tacita
1223 848 1409 900 pactione
1441 859 1535 901 pro-

147 908 314 946 miserat
345 905 617 946 ecclesiastica
654 905 884 959 plosoribus
918 909 1002 947 suis
1034 907 1207 960 praedae
1238 907 1403 960 praedia
1435 908 1535 948 sore.

149 965 187 1007 3.
223 966 328 1020 quod
366 966 436 1006 ubi
467 966 654 1006 viderunt
693 971 856 1007 sanctus
887 967 1049 1007 Patiens
1083 972 1123 1007 et
1155 974 1318 1008 sanctus
1350 967 1534 1022 Euphro-

148 1028 255 1081 nius,
286 1028 355 1080 qui
381 1028 557 1079 rigorem
583 1028 894 1080 firmitatemque
922 1029 1146 1069 sententiae
1174 1029 1346 1069 sanioris
1372 1033 1538 1082 praeter
1559 1054 1562 1057 -

95 1101 130 1128 15
151 1087 287 1128 odium
314 1088 563 1140 gratiamque
589 1089 711 1140 primi
737 1088 940 1144 tenebant,
967 1088 1135 1129 consilio
1163 1102 1255 1129 611111
1282 1091 1536 1143 coepiscopis

149 1149 264 1201 prius
303 1147 405 1187 clam
444 1149 736 1189 communicato
771 1161 891 1202 quam
922 1149 1054 1202 palam
1085 1149 1246 1202 prodito
1280 1151 1536 1203 strepituque

151 1208 340 1261 despecto
373 1207 514 1248 turbae
544 1208 716 1249 furentis
743 1210 893 1250 iunctis
919 1215 1087 1263 repente
1113 1209 1300 1251 manibus
1327 1215 1535 1264 arreptum

151 1268 330 1321 nihilque
364 1273 450 1308 tum
482 1270 615 1309 minus
649 1282 767 1322 quam
794 1283 895 1323 quae
923 1270 1145 1323 agebantur
1171 1275 1376 1324 optantem
1403 1272 1535 1324 suspi-

152 1333 389 1381 cantemque
423 1334 604 1369 sanctum
630 1329 860 1385 Iohannem,
891 1332 1022 1371 virum
1049 1331 1259 1372 honestate
1285 1331 1536 1372 humanitate

94 1404 132 1430 20
151 1389 459 1429 mansuetudine
487 1391 686 1442 insignem
718 1388 758 1431 4.
787 1387 934 1447 (lector
960 1391 1026 1432 hic
1052 1393 1242 1447 primum,
1269 1394 1328 1432 sic
1347 1394 1537 1433 minister

151 1449 299 1503 altaris,
332 1449 452 1502 idque
486 1449 534 1490 ab
567 1451 745 1506 infantia,
778 1457 870 1505 post
895 1451 1079 1493 laborum
1104 1457 1414 1506 temporumque
1440 1465 1535 1506 pro-

150 1522 269 1549 cessu
301 1509 619 1565 archidiaconus,
651 1513 693 1551 in
721 1524 799 1565 quo
828 1525 899 1553 seu
926 1513 1052 1565 gradu
1079 1525 1151 1554 seu
1177 1514 1406 1554 ministerio
1431 1513 1534 1554 mul-

149 1575 235 1610 tum
268 1574 451 1611 retentus
488 1577 654 1624 propter
685 1572 927 1613 industriam
959 1573 1029 1614 diu
1061 1573 1256 1626 dignitate
1288 1586 1370 1614 non
1402 1575 1538 1627 potuit

150 1631 301 1684 augeri,
333 1643 383 1670 ne
415 1636 612 1683 potestate
638 1638 776 1685 posset
802 1629 994 1690 absolvi):
1026 1638 1203 1675 attamen
1228 1635 1338 1675 hunc
1363 1636 1445 1675 iam
1471 1645 1534 1675 se-

94 1704 131 1730 25
151 1690 273 1730 cundi
317 1691 470 1730 ordinis
516 1693 765 1733 sacerdotem
810 1693 994 1734 dissonas
1038 1696 1146 1735 inter
1187 1697 1364 1748 partium
1402 1707 1536 1749 voceS,

151 1763 253 1803 quae
286 1750 524 1791 differebant
555 1751 718 1793 laudare
749 1766 830 1793 non
863 1754 1106 1796 ambientem
1134 1756 1204 1796 sed
1230 1767 1306 1796 nec
1333 1754 1536 1796 audebant

150 1810 314 1863 culpare
359 1810 617 1866 laudabilem,
668 1815 923 1866 stupentibus
968 1815 1146 1856 factiosis
1199 1815 1537 1857 erubescentibus
1590 1815 1592 1817 ’

149 1870 284 1924 1113115,
322 1870 634 1912 acclamantibus
672 1873 790 1914 bonis
829 1875 1142 1917 reclamantibus
1181 1876 1303 1917 nullis
1340 1875 1535 1929 collegam

151 1930 230 1971 sibi
262 1943 559 1971 consecravere.
622 1930 661 1973 5.
694 1946 802 1974 nunc
840 1948 935 1988 ergo
967 1935 1150 1977 Iurensia
1183 1938 1219 1977 si
1249 1942 1290 1977 te
1321 1938 1537 1977 remittunt

92 2005 131 2031 30
150 1993 229 2031 iam
273 1993 535 2045 monasteria,
579 1994 621 2032 in
664 2006 764 2046 quae
803 1993 975 2036 libenter
1014 1997 1156 2038 solitus
1195 1997 1414 2038 escendere
1453 1999 1535 2038 iarn

151 2051 392 2092 caelestibus
431 2054 698 2105 supernisque
737 2055 940 2106 praeludis
978 2057 1235 2112 habitaculis,
1280 2058 1455 2111 gaudere
1492 2062 1533 2098 te

149 2124 223 2166 par
262 2116 323 2151 est
361 2111 409 2151 de
452 2114 726 2153 communium
763 2121 923 2167 patrum
961 2117 1023 2157 vel
1060 2124 1323 2170 patronorum
1362 2130 1436 2158 seu
1474 2119 1534 2158 sic

249 2231 294 2263 13
322 2228 361 2263 61
387 2229 559 2275 sanctus]
588 2230 818 2275 sanctusque
846 2232 876 2267 C
893 2233 905 2277 ΙΙ
928 2237 970 2268 17
997 2233 1134 2270 turbae
1161 2234 1323 2271 furentis
1350 2234 1536 2280 despecto

149 2276 207 2322 M,
234 2275 396 2311 furentis
422 2276 560 2312 turbae
586 2276 766 2323 despecto
789 2278 820 2314 0
838 2278 843 2327 Ι
866 2280 1006 2316 iunctis
1026 2281 1062 2317 L
1087 2287 1121 2318 et
1145 2287 1188 2319 ut
1206 2295 1238 2320 υ.
1260 2283 1314 2329 N,
1338 2282 1451 2319 iactis
1480 2281 1535 2326 (ia

148 2325 193 2361 in
217 2325 308 2368 ras.)
335 2323 492 2370 N1OT,
524 2324 635 2360 iactis
669 2329 776 2366 (corr.
810 2328 852 2363 in
883 2327 997 2364 iactis
1025 2330 1161 2377 M1)M
1186 2333 1198 2378 n
1233 2335 1276 2367 18
1303 2330 1434 2377 nilque
1462 2329 1495 2367 G
1521 2331 1535 2377 ss

148 2376 196 2409 29
225 2372 299 2408 sibi
319 2383 386 2408 om.
406 2372 437 2409 G
454 2376 459 2417 Ι
481 2372 651 2409 iorensia
670 2374 759 2410 LN
772 2376 785 2419 ll
804 2378 851 2410 30
878 2377 1080 2414 escendere
1100 2379 1136 2414 L
1155 2383 1190 2416 et
1209 2382 1318 2425 (corr.
1341 2381 1384 2416 in
1403 2389 1534 2415 ascen-

148 2421 240 2457 dere
267 2420 398 2467 N¹)N‚
426 2421 631 2457 ascendere
657 2422 811 2469 ΜΟΤΙΙ
