1592 2612
135 128 223 173 300
606 155 612 162 .
671 122 876 162 CARMEN
901 122 964 160 ix.

353 231 537 280 quartum
570 230 661 279 post
691 225 866 265 Ithacam
898 223 1031 264 redire
1064 221 1256 277 lustrum,

353 301 427 328 nec
460 287 653 339 Zmyrnae
687 287 784 326 satis
817 284 990 338 explicat
1021 282 1220 324 volumen.

353 360 445 388 nam
478 349 567 400 quis
600 348 835 387 continuare
867 346 996 398 possit
1026 343 1117 384 illos

262 418 328 450 150
356 421 457 461 quos
488 413 597 447 terra
629 411 669 447 et
699 406 838 459 pelago
871 405 964 445 tulit
995 404 1173 444 labores:

354 473 512 521 raptum
543 467 779 520 Palladium,
812 470 1019 519 repertum
1050 463 1264 519 Achillem,

354 534 513 582 captum
545 527 802 580 praepetibus
834 526 986 566 Dolona
1017 525 1164 578 plantis

355 594 394 629 et
421 584 547 628 ‘Rhesi
580 589 716 628 niveas
749 588 863 640 prius
896 586 1131 640 quadrigas,

353 649 501 689 Xanthi
533 661 651 701 quam
684 647 870 688 biberent
902 648 1068 701 fluenta,
1100 650 1266 700 tractas,

261 718 327 751 155
355 714 532 762 ereptam
565 721 724 762 quoque
758 720 876 760 quam
910 708 1010 748 deus
1041 711 1254 761 patronus,

354 770 565 823 Filocteta,
598 769 672 809 tibi
704 769 815 809 dedit
846 768 1094 822 pharetram,

355 831 515 870 Aiacem
548 829 826 870 Telamonium
859 830 1079 883 furentem,

356 891 461 944 quod
496 903 584 930 sese
612 894 701 930 ante
734 894 841 930 rates
875 894 1017 943 agente
1050 901 1212 929 causam

355 953 549 1004 pugnacis
581 950 674 991 tulit
706 950 900 1003 eloquens
932 962 1141 1003 coronam,

262 1020 329 1053 160
355 1014 521 1052 vitatum
552 1011 647 1051 hinc
678 1010 951 1063 Polyphemon
983 1015 1101 1063 atque
1136 1009 1280 1051 Circen

357 1077 396 1112 et
427 1071 704 1124 Laestrygonii
736 1072 882 1111 famem
913 1072 1094 1125 tyranni,

357 1138 443 1172 tum
474 1134 653 1185 pomaria
686 1132 841 1186 divitis,
873 1131 1042 1185 Calypso
1077 1136 1116 1171 et

358 1193 520 1232 Sirenas
555 1192 819 1244 percuntibus
851 1192 1076 1246 placenteS,

357 1255 499 1293 vitatas
530 1252 718 1293 tenebras
750 1253 958 1306 facemque
991 1251 1136 1305 Naupli

265 1322 332 1354 165
360 1318 400 1353 et
433 1313 584 1366 Scyllae
617 1313 801 1353 rabidum
834 1314 988 1353 voracis
1019 1314 1171 1365 inguen

358 1373 419 1413 vel
451 1374 784 1414 Tauromenitana
818 1386 919 1427 quos
946 1372 1168 1426 Charybdis

359 1439 513 1474 ructato
547 1434 732 1486 scopulos
765 1439 876 1474 cavat
901 1431 1132 1487 profundo?

419 1494 508 1534 Non
540 1494 652 1534 divos
686 1494 928 1547 specialibus
961 1495 1139 1535 faventes

360 1556 485 1608 agris,
516 1554 687 1595 urbibus
720 1555 944 1608 insulisque
979 1560 1114 1608 canto,

268 1624 335 1656 170
363 1614 580 1654 Saturnum
613 1615 724 1655 Latio
757 1615 971 1668 Iovemque
1005 1615 1146 1656 Cretae

361 1675 635 1728 Iunonemque
670 1676 786 1715 Samo
819 1676 1041 1729 Rhodoque
1075 1675 1227 1728 Solem,

359 1734 523 1775 Hennae
555 1735 859 1790 Persephonen,
890 1736 1110 1776 Minervam
1141 1735 1347 1788 Hymetto,
1377 1787 1379 1789 ‚

361 1795 580 1835 Vulcanum
612 1796 796 1850 Liparae,
828 1797 963 1850 Papho
995 1796 1169 1851 Dionen,

361 1855 478 1908 Argis
511 1855 673 1910 Persea,
712 1856 930 1910 Lampsaco
964 1857 1172 1911 Priapum,

267 1924 335 1957 175
362 1915 510 1956 Thebis
542 1916 700 1956 Euhion
731 1916 884 1969 Ilioque
917 1917 1094 1971 Vestam,

362 1975 586 2028 Thymbrae
619 1976 777 2031 Delion,
809 1978 1004 2018 Arcadem
1036 1977 1208 2031 Lycaeo,

362 2035 527 2076 Martem
561 2036 783 2077 Thracibus
816 2051 861 2077 ac
894 2038 1053 2091 Scythis
1086 2037 1270 2091 Dianam,

364 2108 464 2149 quos
498 2097 629 2136 fecere
663 2097 759 2136 deos
792 2097 922 2138 dicata
954 2098 1120 2152 templa,

365 2161 451 2211 tus,
484 2156 559 2210 sal,
593 2157 670 2210 far,
702 2157 806 2197 mola
839 2158 900 2197 vel
934 2158 1230 2211 superfluarum

269 2225 337 2258 180
364 2218 613 2257 consecratio
646 2219 992 2259 caerimoniarum.

245 2311 312 2346 162
339 2309 517 2345 distinxit
541 2309 742 2345 Buecheler
767 2308 966 2355 <Calypsus
999 2311 1052 2346 ed.
1080 2310 1234 2346 Mediol.
1261 2313 1296 2345 et
1321 2307 1524 2350 sirmond.)

147 2358 160 2404 ΙΙ
194 2360 262 2394 165
288 2356 465 2403 rapidum
498 2357 624 2392 PTF
657 2358 669 2403 ΙΙ
708 2360 776 2393 172
809 2357 1077 2404 Persephonen
1110 2358 1370 2404 Luetjoha‘rm5
1405 2354 1527 2402 persi-

143 2405 298 2453 phonen
326 2405 367 2452 T,
393 2404 613 2452 persifonen
643 2405 686 2451 C,
714 2405 984 2451 persiphonem
1013 2406 1097 2442 PF
1111 2409 1123 2452 ΙΙ
1146 2411 1212 2443 173
1238 2405 1388 2441 Dionen
1411 2403 1527 2441 Duct-
