1592 2612
135 150 222 193 162
610 120 758 184 mm
783 147 1037 184 SEPTIMUS.

133 256 460 304 enumeraturus3
498 262 579 289 non
610 251 804 290 tacuisset
835 248 1016 302 triplices
1048 248 1324 300 praefecturas
1357 253 1398 289 et
1420 248 1519 302 Sya-

132 313 219 364 grio
264 316 332 351 tuo
370 323 444 364 pro
487 311 637 350 totiens
678 310 842 350 mutatis
877 308 1148 361 praeconibus
1185 310 1401 362 praeconia
1431 321 1515 350 non

131 377 335 426 negasset3
366 375 522 424 patrem
554 370 647 410 inde
679 376 925 422 patruosque
958 370 1124 409 minime
1158 368 1337 409 silendos
1369 382 1516 422 percu-

133 434 338 472 currisset.
401 430 439 471 2.
486 435 525 470 et
569 430 790 483 quamlibet
826 434 965 482 posset
1001 429 1315 482 triumphalibus
1354 430 1517 471 adoreis

93 505 111 532 5
132 492 304 532 familiae
347 496 438 531 tuae
483 491 712 545 defetigari,
755 503 837 530 non
881 495 1016 530 tamen
1055 495 1223 530 eatenus
1263 489 1515 543 explicandis

131 554 387 605 antiquorum
432 551 711 591 stemmatibus
744 551 1039 604 exinaniretur,
1071 555 1117 591 ut
1149 549 1199 590 ob
1230 550 1307 591 hoc
1339 550 1388 591 ad
1421 563 1512 591 nar-

129 613 293 652 randam
331 611 499 664 gloriam
542 616 652 651 tuam
697 612 813 651 fieret
857 610 1057 665 obtusior3
1091 612 1180 665 qui,
1225 612 1260 651 si
1305 612 1425 652 etiam
1469 613 1513 652 in

130 672 353 712 scribendis
398 673 596 712 maiorum
641 677 803 712 tuorum
848 671 1066 712 virtutibus
1106 671 1251 712 fuisset
1286 671 1516 727 hebetatus,

128 735 208 773 tuis
247 733 377 773 denuo
416 734 573 772 meritis
619 734 952 772 cacuminaretur.
1005 732 1075 772 sed
1122 732 1405 773 salutationem
1436 731 1514 773 tibi

74 809 108 834 10
127 793 328 846 publicam
373 793 648 833 destinaturus
692 805 774 833 non
819 793 915 845 quid
961 793 1127 847 fuisses,
1160 793 1232 833 sed
1273 792 1370 846 quid
1402 805 1513 834 nunc

125 855 258 906 potius
303 866 415 893 esses
467 853 745 893 consideravit.
819 853 857 895 3.
915 854 1192 906 praetermisit
1241 852 1389 894 Gallias
1434 853 1515 894 tibi

126 914 422 954 administratas
455 918 569 967 tunc,
602 926 694 954 cum
726 926 912 954 maxume
945 913 1171 955 incolumes
1203 918 1329 955 erant.
1392 926 1513 967 prae-

125 975 299 1014 termisit
348 973 510 1014 Attilam
554 974 685 1014 Rheni
734 975 912 1028 hostem,
963 974 1276 1015 Thorismodum
1324 973 1511 1015 Rhodani

124 1035 336 1088 hospitem,
362 1035 519 1075 Aetium
546 1034 702 1087 Ligeris
735 1035 993 1075 liberatorem
1020 1035 1103 1075 sola
1130 1040 1169 1075 te
1199 1035 1513 1088 dispositionum

72 1109 105 1135 15
126 1094 360 1135 salubritate
404 1094 616 1148 tolerasse,
661 1100 908 1149 propterque
940 1096 1198 1148 prudentiam
1230 1100 1382 1136 tantam
1413 1109 1507 1149 pro—

125 1155 421 1208 videntiamque
466 1168 630 1195 currum
674 1161 788 1196 tuum
833 1156 1102 1209 provinciales
1153 1169 1247 1196 cum
1290 1156 1506 1209 plausuum

125 1217 297 1255 maximo
339 1220 506 1255 accentu
551 1218 782 1269 spontaneis
825 1217 983 1257 subisse
1025 1216 1271 1271 cervicibus,
1316 1218 1410 1270 quia
1450 1218 1512 1257 sic

124 1271 299 1316 habenas
345 1275 561 1316 Galliarum
606 1276 881 1331 moderarere,
931 1283 976 1318 ut
1026 1289 1239 1330 possessor
1288 1277 1511 1317 exhaustus

123 1335 336 1376 tributario
388 1338 481 1389 iugo
523 1336 780 1378 relevaretur.
837 1339 1111 1391 praetermisit
1154 1335 1294 1390 regem
1338 1337 1510 1378 Gothiae

70 1412 104 1437 20
124 1396 420 1436 ferocissimum
462 1397 655 1437 inflexum
706 1399 826 1439 affatu
876 1403 946 1439 tuo
990 1398 1133 1438 melleo
1179 1400 1308 1452 gravi,
1365 1403 1511 1451 arguto

123 1458 314 1496 inusitato
359 1462 399 1497 et
442 1457 490 1497 ab
534 1458 829 1499 Arelatensium
885 1460 1013 1512 portis
1066 1471 1187 1512 quem
1236 1459 1376 1499 Aetius
1423 1471 1507 1499 non

122 1518 321 1569 potuisset
352 1517 524 1572 proelio,
568 1523 607 1558 te
652 1520 821 1571 prandio
863 1521 1096 1560 removisse.
1160 1519 1200 1560 4.
1242 1519 1341 1560 haec
1373 1521 1509 1559 omnia

123 1579 413 1632 praetermisit,
453 1591 619 1631 sperans
653 1582 942 1632 congruentius
980 1585 1096 1620 tuum
1130 1579 1235 1620 salve
1268 1580 1508 1633 pontificum

124 1649 242 1690 quam
271 1643 499 1678 senatorum
525 1641 604 1679 iam
630 1640 860 1681 nominibus
889 1641 1070 1695 adiungi3
1097 1642 1335 1693 censuitque
1358 1641 1509 1680 iustius

70 1710 104 1736 25
125 1698 231 1751 fieri,
277 1699 311 1737 si
355 1700 462 1739 inter
502 1700 703 1751 perfectos
736 1701 888 1741 Christi
921 1714 1040 1754 quam
1073 1702 1108 1741 si
1140 1703 1248 1741 inter
1277 1701 1505 1753 praefectos

123 1757 389 1798 Valentiniani
434 1761 738 1801 constituerere.
801 1774 932 1814 neque
977 1767 1018 1802 te
1057 1761 1336 1802 sacerdotibus
1368 1762 1508 1814 potius

124 1818 344 1858 admixtum
387 1821 483 1859 vitio
527 1825 656 1860 vertat
699 1821 898 1874 malignus
940 1823 1163 1876 interpres3
1207 1834 1300 1861 nam
1341 1821 1510 1874 grandis

125 1878 312 1918 ordinum
343 1880 567 1931 ignorantia
611 1885 721 1921 tenet
761 1879 854 1922 h'inc
887 1882 1038 1935 aliquid
1072 1882 1353 1936 derogaturos,
1399 1883 1510 1936 quia,

124 1940 262 1992 sicuti,
307 1951 399 1978 cum
444 1940 606 1992 epulum
650 1941 845 1982 festivitas
886 1943 1047 1995 publica
1080 1944 1192 1997 facit,
1223 1944 1337 1995 prior
1369 1947 1431 1982 est
1461 1943 1505 1982 in

68 2010 104 2037 30
123 2000 253 2051 prima
284 2011 423 2039 mensa
456 2002 618 2041 conviva
650 2007 878 2053 postremus
911 2004 965 2057 ei,
1011 2005 1081 2056 qui
1118 2005 1274 2056 primus
1306 2003 1429 2043 fuerit
1461 2004 1506 2042 in

125 2059 317 2114 secunda,
359 2061 417 2100 sic
462 2060 612 2113 absque
652 2062 946 2103 conflictatione
978 2065 1249 2116 praestantior
1281 2063 1507 2103 secundum

221 2239 241 2270 3
267 2236 567 2282 percucurrisset
598 2236 687 2272 LN
692 2238 740 2283 T,
773 2238 1025 2283 percurrisset
1050 2241 1101 2276 M
1107 2239 1138 2277 G
1169 2241 1182 2285 ΙΙ
1221 2243 1242 2275 6
1268 2239 1327 2287 ut]
1355 2239 1395 2274 ei:
1419 2239 1456 2274 L
1492 2238 1508 2287 Η

123 2287 144 2319 9
172 2283 476 2320 cacuminaretur
500 2285 536 2319 L
562 2289 595 2321 et
622 2288 694 2331 (pr.
721 2297 740 2321 c
767 2298 857 2322 eras.
878 2287 1018 2333 N2)N,
1050 2288 1335 2323 acuminaretur
1359 2287 1411 2323 M
1414 2286 1504 2329 OT,-

121 2333 167 2377 ef.
184 2344 211 2368 c.
235 2333 327 2377 VII,
341 2334 414 2369 412
434 2343 599 2378 saxoque
620 2333 835 2370 cacuminat
855 2346 1001 2380 ensem3
1023 2337 1188 2382 XXIII,
1200 2338 1277 2373 295
1296 2338 1308 2380 ΙΙ
1327 2338 1374 2371 20
1394 2335 1505 2382 gravi

121 2392 190 2417 om.
219 2381 253 2416 T
270 2383 282 2426 ΙΙ
301 2384 345 2415 21
374 2382 413 2416 et
437 2392 529 2417 eras.
550 2382 627 2426 Ml,
652 2393 719 2418 om.
742 2382 795 2427 P,·
820 2384 866 2427 cf.
894 2395 923 2419 c.
944 2385 1020 2430 IX,
1040 2389 1191 2432 40sqq.;
1215 2385 1266 2421 ib.
1286 2387 1383 2430 206³,-
1409 2383 1505 2429 XV,

121 2432 195 2466 173
215 2430 228 2475 ΙΙ
247 2431 292 2464 25
318 2428 550 2476 praefectos]
576 2429 765 2476 perfectos
794 2431 864 2467 GT
881 2433 891 2478 11
