1592 2612
174 671 298 721 GAI
338 670 577 719 SOLLII
616 670 1114 719 APOLLINARIS
1156 669 1434 719 SIDONII

542 767 1070 816 EPISTULARUM

613 888 765 930 LIBER
796 888 995 930 PRIMUS.

788 1019 821 1063 Ι.

317 1102 547 1140 SIDONIUS
574 1102 890 1141 CONSTANTIO
919 1103 1011 1139 SUO
1040 1102 1279 1140 SALUTEM.

206 1192 240 1234 1.
267 1192 344 1234 Diu
363 1194 576 1248 praecipis,
606 1192 768 1233 domine
788 1194 928 1247 maior,
956 1205 1112 1233 summa
1138 1192 1333 1233 suadendi
1359 1198 1493 1233 aucto-

110 1255 243 1309 ritate,
275 1255 396 1295 sicuti
428 1266 472 1294 es
505 1255 548 1294 in
579 1253 656 1308 his,
695 1266 798 1307 quae
831 1253 1176 1308 deliberabuntur,
1209 1253 1494 1294 consiliosissi-

109 1327 213 1370 mus,
251 1319 309 1369 ut,
347 1316 383 1355 si
414 1326 518 1368 quae
550 1314 707 1355 litterae
745 1314 864 1368 paulo
896 1314 1107 1368 politiores
1141 1316 1251 1355 varia
1283 1315 1494 1355 occasione

110 1375 314 1430 fluxerint,
350 1379 471 1429 prout
502 1388 570 1416 eas
603 1387 723 1416 causa
754 1387 928 1428 persona
965 1380 1125 1428 tempus
1158 1374 1314 1430 elicuit,
1354 1387 1494 1416 omnes

55 1434 60 1438 ’
109 1437 338 1477 retractatis
371 1435 667 1489 exemplaribus
701 1435 1003 1489 enucleatisque
1029 1448 1110 1476 uno
1137 1435 1339 1476 volumine
1364 1436 1492 1477 inclu-
1531 1450 1548 1476 5

109 1496 214 1551 dam,
246 1496 387 1544 Quinti
413 1496 641 1549 Symmachi
666 1496 968 1551 rotunditatem,
994 1496 1067 1537 Gai
1092 1495 1213 1537 Plinii
1239 1496 1493 1550 disciplinam

110 1558 464 1609 maturitatemque
484 1558 665 1609 vestigiis
678 1558 1026 1610 praesumptuosis
1042 1558 1312 1598 insecuturus.
1345 1556 1384 1597 2.
1400 1570 1493 1597 nam

110 1618 159 1658 de
188 1617 323 1658 Marco
349 1616 479 1657 Tullio
513 1616 633 1657 silere
666 1617 811 1657 melius
842 1621 953 1671 puto,
986 1630 1106 1670 quem
1140 1619 1182 1657 in
1215 1617 1307 1657 stilo
1341 1619 1492 1671 epistu-

109 1677 186 1718 lari
223 1690 298 1718 nec
335 1677 463 1718 Iulius
496 1677 680 1718 Titianus
719 1677 794 1718 sub
833 1677 1065 1718 nominibus
1104 1678 1339 1718 inlustrium
1377 1679 1491 1718 femi-

109 1751 254 1779 narum
295 1739 416 1791 digna
455 1738 719 1779 similitudine
758 1739 977 1793 expressit3
1021 1743 1189 1791 propter
1233 1739 1339 1791 quod
1378 1738 1492 1779 illum
1514 1754 1548 1780 ιο

109 1800 237 1840 ceteri
268 1800 418 1852 quique
450 1798 817 1839 Frontonianorum
848 1803 988 1852 utpote
1015 1803 1325 1839 consectaneum
1357 1812 1492 1840 aemu-

109 1859 197 1914 lati,
235 1872 308 1900 cur
345 1865 604 1901 veternosum
636 1859 798 1900 dicendi
836 1872 963 1912 genus
1001 1861 1247 1913 imitaretur,
1287 1864 1492 1900 oratorum

110 1922 269 1960 simiam
294 1925 639 1974 nuncupaverunt.
691 1920 837 1973 quibus
865 1919 1052 1960 omnibus
1080 1932 1153 1973 ego
1180 1921 1353 1960 immane
1382 1920 1492 1961 dictu

110 1986 173 2021 est
218 1986 412 2034 quantum
454 1994 614 2035 semper
654 1981 805 2022 iudicio
847 1993 937 2021 meo
980 1982 1175 2021 cesserim
1218 1985 1490 2033 quantumque

110 2041 347 2082 servandam
369 2041 536 2094 singulis
557 2043 903 2095 pronuntiaverim
928 2046 1158 2095 temporum
1182 2053 1349 2081 suorum
1368 2043 1490 2082 meri·
1512 2056 1546 2083 15

167 2173 175 2178 '
207 2174 231 2206 4
268 2169 448 2206 fluxerint
484 2170 532 2215 T3
576 2170 766 2206 fluxerunt
799 2170 932 2207 LMO
975 2172 979 2216 Ι
1028 2181 1158 2206 omnes
1191 2168 1378 2213 NMOT;
1425 2180 1490 2205 eas

108 2228 240 2254 omnes
268 2218 303 2253 L
341 2220 353 2265 ΙΙ
391 2221 413 2254 8
441 2218 553 2255 silere
579 2218 716 2255 melius
742 2221 836 2265 puto
864 2229 978 2264 quem
1003 2217 1028 2254 i.
1056 2230 1084 2253 s,
1112 2229 1142 2253 e.
1171 2230 1208 2254 n.
1242 2218 1491 2254 Wilamowitz

110 2267 173 2312 (cf.
202 2266 354 2304 Sallust.
380 2268 465 2314 Iuy.
493 2269 555 2313 19,
574 2269 639 2312 2),·
674 2267 786 2304 silere
818 2278 878 2303 me
911 2271 1021 2313 (spat.
1049 2269 1074 2302 8
1100 2267 1171 2303 litt.
1197 2268 1293 2311 vac.)
1327 2267 1367 2302 in
1401 2266 1490 2303 stilo

109 2314 311 2361 epistulari
334 2326 404 2351 nec
423 2316 473 2361 L,
499 2315 611 2351 silere
630 2327 691 2351 me
711 2317 751 2351 in
773 2315 862 2351 stilo
884 2314 1085 2362 epistolari
1105 2313 1243 2350 melius
1263 2315 1358 2360 puto
1378 2326 1490 2360 quem

109 2373 180 2399 nec
205 2364 297 2403 (nisi
323 2364 420 2410 quod
445 2374 505 2399 me
532 2375 599 2401 om.
625 2363 668 2407 0)
688 2365 733 2400 N
738 2364 788 2399 M
798 2364 868 2401 TO
894 2365 907 2411 ΙΙ
940 2368 960 2399 9
988 2362 1192 2398 titinianus
1214 2363 1314 2408 MT,
1339 2363 1489 2399 ticinia-

109 2422 180 2446 nus
196 2411 303 2459 oiim
325 2423 411 2447 cum
429 2424 463 2448 v.
487 2412 521 2447 d.
537 2425 573 2459 g.
594 2411 838 2448 imitarentur
853 2413 1058 2457 oratorum,
1086 2410 1236 2447 simiam
1252 2411 1459 2449 Mommsen
1479 2412 1490 2460 Η

183 2478 411 2506 ΑΡοῐιιῙΝΑιιιε
434 2479 479 2506 ed.
500 2479 533 2505 M
541 2487 558 2506 o
565 2479 586 2505 h
594 2487 616 2506 r.
1252 2476 1270 2507 1
