1592 2612
168 16 198 30 ,,
210 0 382 27 wer-‘anus
396 6 397 9 ¹

307 133 537 172 SIDONIUS
562 132 813 170 LUCONTIO
840 132 935 170 SUO
963 132 1208 170 SALUTEM.
1393 133 1453 176 93

64 238 189 292 nique
226 237 468 277 meritorum
505 234 740 276 sublimium
772 235 865 275 dote
898 234 1138 288 potioribus.
1200 247 1376 288 namque
1408 240 1455 275 ut

65 299 291 340 antistitem
328 297 502 338 civitatis
538 300 698 336 vestrae
730 295 974 350 relinquam,
1012 296 1454 336 consummatissimum

64 361 197 400 vit-um
235 362 553 410 cunctarumque
591 358 789 397 virtutum
826 358 1075 397 conscientia
1117 362 1158 397 et
1199 357 1305 396 fama
1343 357 1455 397 iuxta

63 419 242 474 beatum,
271 418 399 459 multo
431 419 671 471 oportunius
704 417 754 457 de
788 417 1113 471 quibuscumque
1146 416 1454 471 quaestionibus

67 479 145 521 tibi
175 481 480 532 interrogantur
510 477 642 519 incliti
673 477 893 518 Galliarum
924 483 1063 531 patres
1095 483 1136 518 et
1166 482 1454 532 protomystae,
1492 490 1509 517 5

66 553 143 582 nec
169 541 268 581 satis
293 541 452 594 positus
478 541 521 579 in
546 539 767 592 longinquo
787 538 926 592 Lupus
945 551 1021 580 nec
1040 551 1186 592 parum
1204 540 1248 579 in
1267 540 1454 592 proximo

65 601 301 655 Auspicius,
345 612 519 654 quorum
557 600 765 640 doctrinae
805 599 1026 640 abundanti
1064 599 1340 640 eventilandae
1378 612 1454 640 nec

66 661 308 703 consultatio
338 667 409 702 tua
440 661 603 701 sufficit.
665 659 836 714 proinde
876 660 982 714 quod
1022 673 1147 714 super
1177 660 1254 700 hac
1285 672 1455 713 precum

65 727 180 777 parte
211 734 295 763 non
325 723 461 776 parui,
499 721 700 774 benignus
739 722 902 774 quidem
936 721 1007 762 sed
1040 727 1081 762 et
1112 723 1245 762 iustus
1277 722 1455 775 ignosce,

66 785 175 838 quia,
207 784 244 823 si
273 795 345 823 vos
377 784 624 836 imperitiam
656 782 796 835 fugere
828 795 902 835 par
933 788 1007 836 est,
1045 794 1110 822 me
1143 794 1304 835 quoque
1337 781 1455 822 decet
1474 797 1511 823 10

66 845 194 885 vitare
227 845 470 884 iactantiam.
522 842 619 883 vale.

681 997 846 1040 XVHI.

311 1080 542 1118 SIDONIUS
568 1080 819 1117 LUCONTIO
847 1080 941 1117 SUO
970 1080 1211 1117 SALUTEM.

162 1157 200 1200 1.
239 1158 502 1199 Oblivisceris
541 1158 649 1211 quod
686 1160 843 1211 rogaris
881 1171 984 1211 eque
1023 1159 1246 1212 contrario,
1286 1159 1321 1198 si
1359 1157 1457 1211 quid

70 1221 277 1274 iniungas,
315 1232 364 1260 ex
397 1231 486 1259 asse
518 1220 753 1259 meministi.
816 1224 1002 1272 repetere
1040 1218 1280 1272 perlongum
1312 1223 1376 1259 est
1407 1219 1456 1258 de

71 1282 152 1321 cito
178 1280 313 1321 reditu
339 1292 441 1333 quae
466 1285 512 1320 tu
537 1281 678 1333 tuique
704 1281 976 1333 promiseritis
1002 1280 1103 1319 mihi
1127 1281 1326 1333 meisque,
1358 1292 1457 1332 quo·
1478 1293 1513 1320 15

71 1354 163 1382 rum
195 1342 376 1381 omnium
408 1353 490 1380 non
523 1345 617 1381 sunt
641 1340 705 1381 vel
730 1342 898 1381 minima
923 1340 1133 1394 completa.
1185 1341 1284 1393 quin
1309 1341 1458 1393 potius,

69 1414 163 1442 cum
194 1402 330 1454 fugam
361 1414 383 1441 a
414 1401 532 1441 nobis
564 1401 909 1455 machinaremini,
942 1414 1022 1454 quo
1054 1413 1292 1441 reversuros
1319 1401 1369 1441 ad
1396 1413 1458 1440 sa-

69 1474 188 1502 crum
224 1462 372 1515 pascha
410 1474 481 1501 vos
519 1466 777 1517 putaremus,
820 1461 954 1502 nullae
1000 1474 1141 1514 graves
1187 1463 1369 1502 sarcinae
1408 1461 1458 1501 ad

70 1522 282 1576 praedium
320 1534 369 1562 ex
411 1522 559 1575 oppido
598 1522 759 1576 ductae,
800 1522 909 1562 nulla
949 1535 1127 1576 serraca,
1164 1521 1274 1562 nulla
1315 1522 1458 1562 esseda

69 1582 341 1624 subvehendis
374 1582 567 1622 oneribus
606 1582 931 1623 adtrahebantur.
996 1581 1036 1622 2.
1068 1587 1192 1635 utque
1226 1582 1275 1622 de
1309 1588 1456 1622 matro-
1477 1598 1514 1624 20

70 1643 223 1684 nalium
267 1644 444 1696 partium
487 1642 546 1683 nil
590 1655 739 1696 querar
782 1643 940 1697 fraude,
985 1655 1086 1696 quas
1124 1655 1216 1683 cum
1257 1642 1457 1696 expeditis

70 1704 221 1745 tulistis
247 1704 562 1758 impedimentis,
587 1708 712 1756 tuque
739 1703 943 1757 fraterque
971 1704 1198 1743 communis
1217 1703 1458 1743 Volusianus

69 1766 135 1805 vix
176 1764 429 1818 singulorum
467 1764 660 1805 clientum
697 1776 998 1817 puerorumque
1031 1765 1223 1804 comitatu
1256 1763 1458 1804 ambieba-

69 1827 189 1880 mini3
232 1837 307 1879 per
350 1825 457 1878 quod
502 1825 817 1865 sollicitudinem
860 1829 1181 1878 prosequentum
1223 1837 1323 1864 vana
1364 1837 1457 1864 mox

69 1885 310 1927 recurrendi
335 1898 406 1939 spe
434 1885 654 1940 fefellistis3
686 1891 796 1926 certe
823 1886 948 1926 frater
974 1884 1229 1939 Volusianus,
1256 1886 1327 1938 qui
1352 1885 1457 1925 forte
1478 1899 1514 1927 25

70 1959 246 2000 pergens
271 1948 315 1987 in
339 1946 504 1999 praedia
523 1946 782 1987 Baiocassina
801 1952 1007 1999 totamque
1027 1947 1277 1999 provinciam
1296 1945 1458 1998 Lugdu-

71 2019 240 2048 nensem
291 2007 510 2047 secundam
560 2012 850 2060 pervagaturus
906 2009 1228 2060 expectationem
1278 2011 1459 2046 nostram

72 2069 208 2121 specie
240 2067 439 2108 brevioris
471 2069 631 2108 itineris
664 2067 795 2108 elusit.
848 2066 887 2108 3.
920 2073 961 2108 et
987 2080 1094 2108 nunc
1121 2069 1207 2120 ipse
1236 2068 1294 2107 sic
1320 2066 1459 2107 multis

70 2133 212 2168 contra
256 2128 376 2168 fidem
421 2127 565 2168 diebus
610 2128 851 2169 otiabundus
898 2130 956 2168 ais
994 2127 1070 2168 tibi
1110 2129 1144 2168 si
1183 2140 1282 2180 quas
1319 2132 1459 2180 postea

170 2236 192 2268 5
224 2231 565 2279 interrogabuntur
595 2232 663 2277 (bu
692 2244 722 2269 s.
749 2233 772 2269 l.
806 2233 893 2270 add.
920 2233 1063 2278 M¹)M
1098 2232 1103 2280 1
1145 2233 1185 2268 et
1210 2231 1313 2277 LN,
1351 2243 1396 2267 ac
1429 2233 1466 2268 V

81 2280 202 2318 Vatia.
222 2283 319 2318 3421
342 2282 484 2326 (adnot.
507 2292 575 2317 om.
601 2293 672 2327 per
690 2293 849 2318 errorem
866 2286 910 2327 ut
927 2294 960 2318 v.
981 2281 1225 2326 Duetjoharm
1242 2282 1255 2326 ΙΙ
1283 2284 1327 2316 12
1347 2282 1460 2317 inser.

74 2340 143 2366 om.
164 2329 231 2375 Lu
251 2333 297 2365 19
324 2329 490 2376 serraca]
518 2329 669 2365 sarcina
691 2330 749 2376 011
768 2333 815 2365 24
839 2341 909 2376 per
928 2330 985 2375 M,
1011 2329 1074 2364 vel
1096 2330 1254 2375 propter
1277 2340 1306 2366 s.
1328 2330 1350 2365 l.
1371 2330 1459 2366 add.

75 2377 127 2413 Μ
129 2378 150 2422 ¹,
174 2379 332 2424 propter
360 2378 421 2424 ΤΕ
441 2382 487 2413 25
514 2377 581 2423 qui
605 2378 713 2414 malit
736 2378 922 2415 secludere
940 2378 1017 2414 Leo
1036 2380 1048 2424 ΙΙ
1068 2381 1114 2413 26
1140 2378 1358 2425 totamque]
1386 2389 1460 2424 que

73 2425 155 2463 secl.
182 2426 424 2473 Luetjoharm
441 2429 453 2473 Π
473 2431 519 2463 27
545 2428 779 2473 pervagatur
805 2426 1046 2473 Luetjohann
1065 2429 1077 2472 ss
