1592 2612
627 129 918 168 PRAEFATIO.
1430 131 1464 166 V

87 231 228 285 Neque
255 233 363 272 enim
383 231 652 272 Gustafssonii
673 231 721 271 de
741 231 862 272 huius
882 230 975 271 libri
996 231 1129 271 indole
1151 234 1331 285 quamvis
1352 238 1467 273 acuta

85 291 356 346 disputatione
384 288 523 348 (‘Berl.
543 292 678 345 philol.
699 289 1002 332 Wochensehr?
1025 290 1140 333 1889
1161 305 1197 345 p.
1221 291 1338 334 1365
1359 289 1466 350 sqq.)

85 352 324 406 persuaderi
348 352 448 392 mihi
473 354 604 405 potuit
630 352 742 392 illum
770 348 852 408 (vel
877 352 1112 392 Vaticanum
1132 349 1270 408 3421)
1299 353 1466 406 dignum

86 425 195 468 esse,
244 414 311 453 cui
353 414 517 466 propria
561 417 602 453 et
643 412 858 465 singularis
904 414 1121 453 auctoritas
1166 413 1467 469 attribueretur,

89 473 161 514 sed
204 485 249 513 re
293 473 441 513 iterum
486 486 532 513 ac.
577 475 738 526 saepius
789 474 1012 513 examinata
1062 474 1292 514 etiamnunc
1341 473 1468 515 Leoni

85 534 306 587 assentior,
352 534 422 586 qui
467 546 560 574 eum
603 538 647 574 ut
692 535 867 586 graviter
910 533 1195 586 interpolatum
1237 547 1285 574 ex
1324 535 1466 575 eodem

84 593 193 634 unde
212 592 243 633 F
263 599 303 634 et
322 593 353 633 P
379 593 599 647 exemplari
626 595 823 646 originem
851 593 1013 634 duxisse
1035 593 1263 635 arbitratur.
1315 595 1465 636 Tamen

86 655 129 694 in
159 653 236 694 hac
267 655 503 707 quaestione
538 666 631 694 sane
665 654 817 694 difficili
851 659 896 694 ut
928 654 1017 694 aliis
1044 667 1203 707 quoque
1231 656 1295 695 sui
1321 655 1461 696 iudicii

85 713 304 755 adhibendi
336 714 503 755 facultas
536 714 717 768 daretur,
748 714 869 755 huius
896 714 990 755 libri
1015 714 1209 755 lectiones
1236 728 1355 768 quam
1381 716 1465 769 ple-

86 775 276 815 nissimas
320 776 595 815 necessarium
638 776 767 815 visum
804 779 866 814 est
903 780 1078 815 enotare.
1141 775 1251 816 Inter
1289 788 1357 816 eos
1397 778 1467 830 qui

86 840 242 875 restant
274 835 434 875 codices
465 837 690 888 principem
722 835 856 875 locum
888 835 1071 876 obtinere
1104 835 1350 876 Laudianum
1385 849 1466 877 non

87 894 218 935 solum
251 907 299 935 ex
326 897 494 935 vetustis
526 895 811 936 vocabulorum
844 896 984 935 formis
1017 901 1056 936 et
1089 897 1372 950 orthographia
1399 897 1466 937 ad-

86 955 251 996 modum
300 955 553 995 memorabili
600 961 785 1009 apparet‚
830 969 967 1010 quam,
1019 957 1148 1009 quoad
1192 957 1282 997 fieri
1325 959 1467 1012 potuit,

89 1015 222 1056 dedita
256 1027 378 1068 opera
409 1017 560 1056 retinui
601 1011 768 1071 (scripsi
809 1017 934 1069 igitur
973 1022 1192 1069 praeeunte
1229 1017 1467 1071 plerumque

86 1075 365 1129 Luetjohanno
400 1079 516 1117 aedis
551 1075 779 1128 [nominat]
819 1078 996 1129 itemque
1035 1080 1150 1118 molis
1180 1079 1333 1118 subolis
1365 1080 1466 1119 bali-

87 1148 208 1177 neum
240 1137 499 1188 bybliotheca
531 1142 724 1178 creterra
756 1137 988 1188 defrudare
1020 1140 1300 1179 deversorium
1333 1151 1364 1179 s.
1398 1142 1465 1180 de-

86 1199 317 1238 vorsorium
345 1196 510 1247 faetere
535 1199 739 1238 Garunna
764 1199 921 1238 hisdem
953 1200 1116 1239 lucusta
1149 1201 1285 1250 lynter
1316 1211 1463 1240 maxu-

82 1269 172 1297 mus
219 1259 469 1309 pedisequus
515 1260 729 1308 pomoeria
785 1259 930 1308 robiqo
987 1261 1223 1299 scaturrire
1278 1263 1464 1312 scorpios

81 1319 287 1358 veraedus
324 1313 494 1372 alia)*)‚
528 1318 598 1358 sed
630 1319 758 1370 magis
789 1319 911 1358 etiam
944 1331 993 1358 ex
1025 1318 1212 1371 plurimis
1244 1319 1362 1374 locis,
1395 1320 1466 1360 ubi

83 1378 171 1417 sine
214 1376 336 1417 dubio
376 1377 438 1418 vel
478 1390 584 1418 unus
626 1391 647 1418 e
687 1391 755 1418 sex
798 1378 878 1418 illis
917 1378 1033 1418 libris
1075 1379 1138 1419 vel
1179 1392 1271 1420 cum
1309 1393 1390 1420 uno
1423 1386 1463 1421 et

82 1436 208 1478 altero
253 1450 387 1478 veram
436 1437 650 1479 lectionem
702 1440 891 1493 servavit,
937 1438 1125 1493 aliisque,
1169 1439 1240 1480 ubi
1289 1442 1462 1481 maiores

81 1499 310 1538 minoresve
348 1497 511 1538 lacunas
556 1500 598 1538 in
643 1501 790 1539 ceteris
832 1499 1039 1539 codicibus
1085 1499 1332 1541 oblitteratas
1374 1503 1462 1554 ipso

83 1559 212 1611 spatio
239 1559 346 1598 inter
371 1558 493 1598 verba
519 1559 659 1599 relicto
686 1559 847 1600 indicat.
898 1559 1008 1607 Quae
1029 1559 1193 1600 lacunae
1213 1561 1320 1601 unde
1348 1567 1459 1601 ortae

82 1619 176 1672 sint,
202 1622 339 1659 utrum
365 1617 554 1658 librarius
582 1616 776 1672 quaedam
802 1625 968 1672 propter
994 1620 1264 1661 difficiliorem
1290 1623 1461 1674 scriptu-

82 1690 169 1719 ram
201 1677 334 1730 legere
367 1691 447 1719 non
480 1681 658 1732 potuerit
690 1692 740 1719 an
772 1679 1012 1733 archetypus
1045 1681 1108 1720 his
1141 1680 1258 1735 locis,
1291 1683 1461 1723 sortasse

80 1739 193 1793 igne,
224 1738 357 1779 laesus
390 1739 532 1793 fuerit,
570 1752 650 1780 non
683 1741 762 1780 iam
795 1745 927 1793 potest
966 1741 1197 1795 diiudicari;
1235 1755 1328 1782 nam
1367 1743 1460 1783 inde

80 1800 147 1839 vix
188 1800 403 1852 quiequam
442 1802 544 1840 certi
581 1801 776 1854 conicias,
816 1801 921 1853 quod
960 1801 1192 1841 huiusmodi
1224 1801 1302 1842 loci
1334 1816 1460 1856 prope

82 1871 223 1899 omnes
255 1861 298 1899 in
331 1861 472 1912 primis
506 1860 613 1900 soliis
651 1862 923 1901 inveniuntur.
987 1861 1076 1901 Non
1108 1861 1278 1902 multum
1310 1876 1384 1916 per
1418 1876 1460 1903 se

80 1920 160 1972 ipsi
192 1921 442 1960 auctoritatis
474 1920 623 1961 habent
655 1921 686 1960 T
720 1926 759 1961 et
789 1920 838 1961 M.
903 1921 972 1962 Ille
1012 1924 1119 1962 enim
1159 1935 1251 1962 cum
1282 1924 1460 1976 interpo-

80 1979 297 2020 lationibus
325 1985 493 2034 scateat,
526 1983 562 2021 si
589 1981 684 2034 quid
718 1983 899 2034 quamvis
932 1994 1023 2022 raro
1050 1982 1256 2035 probabile
1284 1983 1460 2038 praebet,

177 2119 212 2166 *)
237 2119 294 2155 Ne
320 2119 361 2155 in
388 2119 667 2157 assimilatione
693 2121 846 2166 quidem
875 2122 1170 2158 consonantium
1190 2122 1460 2168 aequabilitati

81 2167 212 2203 studui
238 2167 306 2204 sed
337 2168 508 2204 codicem
533 2169 562 2204 L
594 2169 773 2215 religiose
808 2172 959 2206 secutus
994 2183 1087 2206 sum.
1141 2171 1183 2206 Id
1214 2173 1344 2207 tamen
1376 2171 1459 2207 ani-

79 2227 184 2252 mum
209 2215 389 2252 inducere
415 2228 489 2252 non
516 2217 636 2263 potui,
664 2220 707 2253 ut
732 2219 871 2254 coniux
897 2221 1036 2265 quoties
1062 2220 1168 2255 toties
1193 2231 1310 2266 nepus
1329 2231 1458 2257 consu-

81 2265 157 2301 lari
182 2264 403 2310 scriberem;
436 2276 665 2311 quamquam
699 2268 889 2303 consulari
916 2266 1070 2312 quidem
1095 2267 1363 2313 paronomosia
1389 2268 1459 2304 illa

80 2312 339 2348 commendari
370 2312 522 2349 videtur
555 2325 612 2360 ep.
632 2314 701 2359 VI,
725 2318 762 2360 1,
786 2318 803 2349 1
838 2316 977 2362 aliquus
1008 2317 1074 2362 qui
1106 2327 1227 2352 omnes
1257 2318 1460 2354 consuleris

78 2361 247 2406 infirmos
271 2363 407 2408 quique
431 2363 559 2398 merito
591 2363 638 2399 ab
663 2364 832 2399 omnibus
864 2364 1083 2400 consularis.
1138 2364 1352 2411 Oportunus
1378 2376 1459 2401 om—

77 2408 185 2444 nium
210 2408 395 2445 librorum
420 2420 605 2445 consensu
630 2409 778 2447 nititur.
