1592 2612
137 150 196 194 30
598 145 746 183 LIBER
772 143 1042 183 SECUNDUS.

791 292 845 336 II.

396 376 623 414 SIDONIUS
649 375 861 413 DOMITIO
889 374 981 411 SUO
1010 372 1251 410 SALUTEM.

229 453 266 496 1.
298 455 396 496 Ruri
427 467 491 495 me
524 467 613 495 esse
647 455 836 507 causaris,
868 464 960 492 cum
985 451 1086 491 mihi
1110 452 1247 504 potius
1274 451 1392 504 queri
1418 462 1513 503 sup·

136 522 245 569 petat
282 522 321 556 te
360 528 466 556 nunc
503 515 604 555 urbe
642 515 822 555 retineri.
879 514 958 552 iam
995 524 1066 552 ver
1104 511 1263 552 decedit
1294 512 1438 551 aestati
1470 515 1512 551 et

135 589 208 630 per
246 576 369 616 lineas
408 575 466 616 sol
498 575 642 616 altatus
681 579 879 621 extremas
911 575 954 613 in
986 585 1100 613 axem
1133 571 1367 625 Scythicum
1398 571 1511 612 radio

100 647 117 674 5
136 638 416 690 peregrinante
448 637 678 689 porrigitur.
730 635 794 675 hic
828 634 925 687 quid
958 633 1007 673 de
1039 634 1219 686 regionis
1250 637 1413 673 nostrae
1440 631 1511 673 cli-

135 702 240 738 mate
272 694 440 750 loquar‘?
490 698 604 736 cuius
637 697 763 749 spatia
790 695 970 735 divinum
1002 695 1061 734 sic
1093 693 1265 734 tetendit
1291 693 1512 747 opificium,

135 762 180 798 ut
203 759 329 810 magis
354 756 567 810 vaporibus
595 756 704 796 orbis
731 755 890 796 occidui
916 754 1206 795 subiceremur.
1240 753 1338 807 quid
1363 751 1512 807 plura?

134 819 306 858 mundus
326 818 548 858 incanduit:
575 816 721 870 glacies
742 816 884 869 Alpina
905 814 1062 856 deletur
1082 819 1123 855 et
1141 813 1288 855 hiulcis
1310 815 1512 855 arentium

134 879 326 918 rimarum
352 877 522 918 flexibus
547 882 655 917 terra
680 876 965 930 perscribitur3
993 875 1149 928 squalet
1169 875 1302 928 glarea
1321 876 1364 915 in
1384 874 1509 930 vadis,

80 949 115 975 10
133 937 252 979 limus
290 940 332 978 in
369 940 486 993 ripis,
523 938 654 990 pulvis
692 939 734 977 in
767 938 937 990 campis3
976 949 1079 989 aqua
1110 937 1199 989 ipsa
1231 947 1510 989 quaecumque

133 1004 326 1052 perpetuo
354 998 491 1039 labens
516 1003 647 1038 tractu
674 1002 886 1038 cunctante
905 997 1148 1051 languescit3
1175 998 1255 1037 iam
1274 1008 1357 1036 non
1377 995 1510 1037 solum

134 1058 235 1099 calet
259 1059 365 1099 unda
391 1059 460 1099 sed
487 1060 683 1111 coquitur.
735 1057 774 1099 2.
801 1063 842 1099 et
867 1070 987 1112 nunc,
1014 1057 1110 1097 dum
1136 1059 1179 1097 in
1206 1055 1372 1098 carbaso
1393 1056 1512 1097 sudat

133 1132 249 1173 unuS,
287 1119 388 1172 alter
417 1121 460 1159 in
490 1119 695 1173 bombyce,
728 1124 771 1159 tu
803 1118 1105 1159 endromidatus
1138 1118 1332 1172 exterius,
1364 1118 1509 1158 intrin-

134 1192 249 1219 secus
276 1180 485 1233 fasceatus‚
511 1181 676 1232 insuper
703 1184 742 1219 et
767 1191 939 1219 concava
964 1177 1386 1231 municipis‘Amerini
1413 1178 1508 1218 sede

81 1248 114 1275 15
135 1252 389 1292 compressus
415 1240 621 1292 discipulis
646 1253 727 1280 non
747 1244 861 1280 aestu
880 1241 1015 1280 minus
1043 1251 1163 1292 quam
1187 1240 1335 1279 timore
1357 1237 1510 1292 pallen-

133 1299 240 1340 tibus
267 1312 466 1352 exponere
493 1300 778 1341 oscitabundus
805 1300 972 1340 ordiris:
1007 1296 1186 1340 ‘Samia
1214 1299 1332 1340 mihi
1356 1304 1511 1340 mater

134 1357 272 1400 fuit?
304 1362 400 1413 quin
439 1366 483 1401 tu
521 1373 634 1413 mage
644 1394 656 1415 7
695 1363 729 1401 si
762 1361 858 1414 quid
889 1360 965 1401 tibi
999 1359 1159 1401 salubre
1192 1360 1323 1415 cordi,
1361 1361 1509 1413 raptim

135 1419 370 1460 subduceris
408 1421 684 1461 anhelantibus
724 1423 921 1474 angustiis
961 1422 1133 1461 civitatis
1166 1428 1206 1461 et
1243 1419 1509 1461 contubernio

133 1485 270 1520 nostro
303 1486 466 1521 aventer
497 1483 673 1522 insertus
706 1482 809 1522 fallis
843 1482 1159 1522 clementissimo
1186 1493 1352 1522 recessu
1384 1480 1509 1522 incle-

79 1550 115 1576 20
133 1542 323 1580 mentiam
355 1540 651 1582 canicularem?
707 1541 746 1583 3.
780 1555 876 1583 sane
910 1544 945 1582 si
976 1542 1182 1596 placitum,
1215 1543 1306 1595 quis
1333 1543 1386 1582 sit
1410 1543 1510 1597 agri,

132 1602 174 1640 in
207 1613 326 1653 quem
357 1603 523 1656 vocaris,
556 1604 656 1642 situs
689 1605 837 1656 accipe.
888 1603 1040 1643 Avitaci
1067 1616 1226 1644 sumus:
1258 1614 1407 1643 nomen
1432 1602 1509 1653 hoc

131 1661 312 1715 praedio,
351 1662 475 1716 quod,
514 1664 606 1715 quia
637 1665 844 1718 uxorium,
881 1665 1012 1716 patrio
1044 1663 1144 1703 1111111
1177 1662 1358 1718 dulcium
1409 1662 1510 1704 haec

132 1721 230 1760 mihi
257 1734 347 1761 cum
373 1724 473 1762 meis
499 1723 683 1775 praesule
711 1724 798 1778 deo,
831 1725 911 1764 nisi
937 1724 1033 1776 quid
1059 1729 1103 1764 tu
1129 1724 1328 1765 fascinum
1353 1735 1509 1778 verere,

134 1782 355 1821 concordia.
418 1795 534 1823 mons
567 1783 615 1823 ab
649 1796 810 1838 occasu,
844 1797 1086 1837 quamquam
1117 1789 1325 1839 terrenus,
1357 1783 1508 1824 arduus

78 1848 113 1875 25
132 1847 265 1881 tamen
291 1842 503 1882 inferiores
524 1843 602 1882 sibi
622 1843 743 1883 colles
763 1849 967 1897 tamquam
988 1846 1146 1897 gemino
1167 1846 1309 1886 fomite,
1326 1844 1509 1898 effundit,

133 1907 319 1953 quattuor
361 1915 382 1942 a
421 1915 462 1942 se
505 1904 666 1943 circiter
704 1905 890 1956 iugerum
922 1904 1132 1945 latitudine
1165 1905 1372 1946 abductos.
1435 1904 1507 1945 sed

132 1961 257 2002 donec
291 1961 491 2002 domicilio
526 1968 757 2015 competens
789 1964 978 2005 vestibuli
1007 1978 1172 2018 campus
1199 1967 1391 2020 aperitur,
1422 1977 1521 2015 me<

133 2021 238 2061 diam
269 2021 411 2062 vallem
443 2024 564 2062 rectis
595 2023 792 2064 tractibus
824 2030 1125 2078 prosequuntur
1157 2025 1282 2066 latera
1311 2025 1507 2067 clivorum

232 2140 274 2172 16
300 2136 450 2174 Terent.
476 2138 645 2175 Eunuch.
668 2140 694 2185 Ι,
716 2144 750 2185 2,
771 2143 816 2176 27
838 2142 948 2187 (107).

229 2189 249 2220 9
279 2185 506 2221 describitur
532 2187 564 2223 O
583 2189 588 2232 l
612 2187 764 2232 squalet
789 2200 842 2234 sp.
865 2192 888 2224 6
915 2190 936 2225 l.
958 2201 989 2226 v.
1017 2200 1084 2226 om.
1106 2190 1142 2226 L
1163 2191 1169 2233 1
1191 2189 1282 2226 vadi
1301 2190 1338 2226 L
1356 2190 1369 2237 ΙΙ
1389 2192 1436 2225 10
1460 2188 1507 2225 11-

131 2243 214 2267 mus
239 2244 291 2278 sp.
314 2234 386 2286 SJ.
407 2246 438 2270 υ.
460 2245 526 2270 om.
549 2234 585 2270 L
607 2237 612 2280 Ι
635 2246 735 2280 aqua,
754 2236 804 2271 M
810 2236 879 2273 GT
895 2242 929 2273 et
947 2249 974 2274 3.
997 2239 1018 2273 l.
1041 2238 1126 2274 add.
1148 2238 1206 2275 N1
1227 2239 1266 2284 (2
1287 2239 1358 2275 litt.
1381 2239 1508 2283 eras),

132 2291 178 2316 ea
197 2280 232 2315 L
251 2283 270 2334 ΙΙ·
285 2284 326 2334 11
347 2292 425 2316 iam
445 2282 661 2329 LMOTP,
683 2283 800 2319 etiam
823 2285 864 2320 F
878 2286 891 2329 ΙΙ
912 2289 956 2321 14
975 2285 1178 2332 municipis
1199 2285 1359 2322 amerini
1378 2286 1425 2322 N
1427 2286 1506 2332 VT,

131 2339 315 2374 municipi
342 2330 518 2365 samerini
543 2331 590 2377 L,
617 2331 817 2378 municipii
843 2333 1004 2368 amerini
1032 2334 1069 2379 Ο,
1095 2333 1295 2380 municipii
1321 2333 1505 2377 camerini

130 2376 182 2411 M
195 2378 207 2421 ΙΙ
230 2380 286 2412 19.
299 2376 482 2430 audenter
507 2378 539 2415 Ο
564 2381 577 2426 u
608 2382 654 2415 20
679 2380 865 2426 placitum
885 2381 972 2417 LN
976 2382 1018 2427 T,
1044 2382 1173 2428 placet
1198 2383 1289 2419 VM
1294 2382 1326 2418 0
1368 2382 1373 2429 Ι
1420 2381 1506 2427 quis

129 2424 175 2460 N
177 2424 229 2460 M
233 2424 310 2472 OT,
337 2436 402 2470 qui
427 2426 462 2461 L
481 2428 493 2473 ss
