1592 2612
118 118 353 171 smomns
375 120 576 158 Doumo
601 119 765 156 PAPAE
790 118 1041 156 MAMERTO
1067 118 1310 157 SALUTEM.
1363 118 1452 162 139

51 312 54 315 ’
122 318 251 369 GAI
290 318 529 369 SOLLII
566 317 1063 367 APOLLINARIS
1103 317 1385 367 SIDONII

490 415 1017 465 EPISTULARUM

531 536 686 578 LIBER
717 536 980 578 SEPTIMUS.

738 667 773 711 I.

162 750 391 788 SIDONIUS
415 750 627 797 DOMINO?
641 750 803 787 PAPAE
829 750 1080 787 MAMERTO
1108 750 1351 787 SALUTEM.

154 828 190 869 1.
227 827 383 869 Rumor
420 833 483 868 est
514 827 667 868 Gothos
705 829 748 868 in
778 827 1005 868 Romanum
1037 827 1168 868 solum
1200 832 1332 867 castra
1364 839 1450 867 mo-

57 890 186 930 visse:
228 888 325 930 huic
363 901 525 942 semper
564 890 785 942 irruptioni
821 901 896 929 nos
940 890 1083 928 miseri
1119 889 1292 928 Arverni
1330 890 1451 929 ianua

56 962 212 991 sumus.
254 961 430 1002 namque
463 949 569 990 odiis
600 951 859 990 inimicorum
892 949 987 989 hinc
1018 948 1239 1002 peculiaria
1272 949 1451 989 fomenta

57 1010 428 1063 subministramus,
449 1012 555 1064 quia,
575 1010 683 1063 quod
702 1010 878 1050 necdum
898 1011 1096 1050 terminos
1110 1022 1207 1050 suos
1223 1009 1272 1049 ab
1286 1009 1448 1050 Oceano
1487 1025 1505 1052 5

56 1072 102 1111 in
139 1070 380 1112 Rhodanum
410 1069 569 1124 Ligeris
608 1070 720 1111 alveo
758 1070 1050 1124 limitaverunt,
1090 1070 1217 1110 solam
1256 1069 1332 1110 sub
1371 1083 1448 1123 ope

57 1131 213 1172 Christi
242 1143 399 1171 moram
431 1131 481 1171 de
512 1137 652 1171 nostra
682 1136 841 1171 tantum
867 1131 982 1171 obice
1008 1133 1229 1184 patiuntur.
1275 1133 1448 1171 circum-

52 1193 253 1233 iectarum
297 1204 392 1232 vero
431 1193 561 1245 spatia
603 1197 859 1245 tractumque
905 1193 1119 1244 regionum
1163 1193 1245 1232 iam
1288 1191 1450 1244 pridem

56 1254 175 1306 regni
204 1254 375 1293 minacis
407 1254 639 1305 importuna
670 1252 876 1293 devoravit
906 1253 1135 1306 impressio.
1190 1251 1229 1292 2.
1264 1252 1336 1292 sed
1363 1253 1449 1292 ani-

53 1314 235 1355 mositati
272 1318 434 1354 nostrae
471 1318 555 1353 tam
592 1315 833 1353 temerariae
871 1319 1033 1365 tamque
1072 1312 1326 1366 periculosae
1365 1325 1450 1353 non
1469 1329 1504 1356 ιο

57 1385 133 1414 nos
170 1378 239 1414 aut
276 1373 502 1414 ambustam
538 1386 750 1414 murorum
788 1374 933 1414 faciem
971 1378 1040 1414 aut
1076 1379 1239 1426 putrem
1285 1373 1449 1414 sudium

54 1438 210 1474 cratem
253 1439 322 1474 aut
370 1434 673 1487 propugnacula
716 1433 883 1487 vigilum
928 1435 1025 1474 trita
1069 1434 1306 1486 pectoribus
1352 1447 1448 1474 con-

56 1494 221 1534 fidimus
266 1494 528 1547 opitulatura3
573 1494 659 1534 solo
703 1500 860 1535 tantum
905 1496 1155 1534 invectarum
1200 1499 1239 1535 te
1283 1500 1448 1534 auctore

57 1556 315 1608 rogationum
346 1554 556 1608 palpamur
588 1554 751 1608 auxilio,
783 1554 931 1607 quibus
963 1554 1202 1595 inchoandis
1229 1556 1447 1595 instituen-

55 1615 203 1669 disque
243 1614 418 1668 populus
458 1615 682 1669 Arvernus,
727 1617 805 1655 etsi
842 1627 924 1655 non
962 1615 1111 1655 effectu
1148 1617 1254 1668 pari,
1299 1616 1448 1656 affectu
1469 1632 1503 1658 15

54 1681 168 1716 certe
208 1688 291 1716 non
328 1677 474 1729 impari
514 1677 648 1729 coepit
689 1677 860 1729 initiari,
905 1681 946 1715 et
983 1675 1033 1715 ob
1072 1675 1149 1715 hoc
1188 1676 1448 1716 circumfusis

59 1736 235 1777 necdum
266 1736 334 1776 dat
364 1741 478 1788 terga
509 1735 749 1777 terroribus.
806 1734 848 1777 3.
880 1748 962 1776 non
995 1737 1105 1775 enim
1136 1735 1234 1776 latet
1265 1741 1449 1776 nostram

55 1798 387 1851 sciscitationem,
418 1794 588 1850 <quod>
620 1798 764 1850 primis
789 1795 1042 1849 temporibus
1075 1796 1268 1836 harumce
1294 1796 1448 1850 suppli-

55 1858 262 1898 cationum
310 1859 590 1898 institutarum
641 1858 782 1897 civitas
833 1856 1003 1897 caelitus
1050 1856 1126 1896 tihi
1176 1856 1331 1897 credita
1374 1870 1449 1910 per

57 1918 336 1959 cuiuscemodi
367 1918 647 1971 prodigiorum
679 1917 1007 1958 terriculamenta
1039 1916 1295 1957 vacuabatur.
1353 1930 1446 1957 nam
1467 1934 1503 1960 20

158 2027 176 2058 1
203 2023 309 2068 epist.
327 2023 357 2058 I
376 2027 491 2059 totam
517 2034 587 2059 om.
607 2022 697 2059 LN
707 2022 782 2058 VT
803 2024 815 2069 Ι]
845 2026 866 2058 6
892 2021 934 2057 in
958 2021 1147 2057 rodanum
1173 2021 1307 2067 ligeris
1334 2022 1446 2059 alveo

60 2071 99 2117 C,
125 2072 166 2106 et
190 2071 300 2107 alveo
325 2070 458 2118 ligeris
479 2071 519 2106 in
544 2070 733 2106 rodanum
754 2070 795 2107 F
811 2075 845 2107 et
864 2072 907 2107 in
925 2082 999 2107 ras.
1020 2071 1096 2114 M²‚
1125 2072 1164 2106 et
1182 2069 1315 2116 ligeris
1336 2070 1448 2107 alveo

55 2117 100 2154 in
130 2118 319 2155 rodanum
344 2120 382 2155 P
415 2122 426 2166 ΙΙ
466 2123 485 2155 'a‘
513 2121 645 2155 nostra
676 2131 770 2156 corr.
797 2120 841 2156 in
872 2121 1003 2154 nostro
1030 2119 1106 2163 Μ’,
1139 2131 1166 2154 s.
1196 2120 1218 2154 1.
1246 2119 1333 2155 add.
1365 2119 1411 2156 Ol
1435 2119 1449 2168 Η

59 2171 103 2204 11
130 2167 285 2215 faciem]
324 2169 528 2204 maceriem
554 2167 652 2213 Leo‚·
689 2169 737 2213 cf.
763 2179 817 2214 ep.
844 2168 905 2212 II,
930 2172 969 2213 2,
995 2171 1018 2201 5
1056 2166 1219 2202 interior
1255 2168 1448 2212 parietum

57 2215 211 2261 faciesfl
234 2219 277 2251 13
303 2217 456 2252 tantum
481 2227 558 2264 eyo,
582 2217 714 2252 tamen
739 2217 859 2261 codd„
883 2216 962 2251 iam
988 2215 1230 2261 Luetjohann
1248 2216 1261 2260 ss
1282 2219 1327 2251 18
1354 2215 1447 2252 scis-

56 2263 285 2300 citationem
322 2264 413 2311 (scis
451 2266 494 2300 in
530 2276 606 2301 ras.
633 2264 784 2310 M²)M‚
822 2263 1092 2300 oscitationem
1122 2264 1154 2300 G
1183 2267 1188 2309 Ι
1224 2264 1327 2309 quod
1358 2265 1447 2303 add.

166 2313 312 2358 bhann,
331 2325 399 2349 om.
414 2313 519 2350 codd.
528 2328 543 2358 ,·
560 2313 690 2349 malim
703 2318 790 2350 ante
803 2312 940 2349 civitas
959 2313 1096 2349 addere
1110 2310 1203 2357 quia
1221 2313 1234 2358 fl
1254 2315 1301 2348 20
1321 2312 1449 2349 cuius-

58 2360 210 2396 cemodi
247 2361 298 2397 M
303 2361 398 2406 PF,
437 2360 703 2397 huiuscemodi
744 2361 788 2407 G,
828 2360 1011 2406 cuiusque
1050 2359 1155 2397 modi
1192 2360 1450 2408 Diceqy'ohann,

60 2409 207 2453 frustra
225 2411 238 2455 ss
