1592 2612
153 134 238 177 108
642 130 790 167 LIBER
816 128 1044 174 QUINTUS.

149 248 237 276 mae
269 237 403 288 potius
435 239 607 275 mortem
639 234 863 286 pertinere,
902 230 1010 284 quod
1047 231 1233 270 vivimus,
1296 240 1391 270 ecce
1423 229 1532 283 quod

150 298 305 349 agimus
338 295 579 348 indicamus3
624 306 717 333 ecce
756 292 903 346 adhuc,
949 290 1046 344 quid
1085 291 1231 345 agatis,
1274 291 1532 343 inquirimus.

151 357 195 396 fit
226 369 246 396 a
279 360 415 396 nostra
440 360 553 408 parte
582 354 687 407 quod
715 355 825 407 pium
853 357 927 406 est,
959 364 1029 391 vos
1057 351 1249 404 deinceps
1275 350 1396 392 facite
1423 350 1531 405 quod

150 416 318 456 videtur.
375 415 472 455 illud
506 427 601 455 sane
633 414 743 454 velut
767 414 919 453 Atticas
948 412 1058 464 leges
1091 413 1147 452 ita
1179 412 1265 452 aeri
1290 410 1444 452 credite
1470 413 1532 452 in-

114 492 130 519 5
151 478 297 530 cisum,
335 489 408 516 nos
442 475 516 516 sub
550 488 624 528 ope
658 474 808 515 Christi
831 485 1067 526 ·numquam
1099 472 1349 513 admissuros
1382 473 1532 512 amoris

152 539 379 590 terminum,
411 538 526 576 cuius
560 535 789 575 studuimus
822 534 990 574 fundare
1023 534 1282 586 principium.
1344 532 1442 574 vale.

797 687 873 731 IV.

389 771 621 808 SIDONIUS
648 770 895 808 SIMPLICIO
924 770 1017 807 SUO
1045 769 1289 808 SALUTEM.

239 848 276 890 1.
310 849 424 896 Quod
457 861 538 889 non
569 850 706 902 recepi
739 850 889 901 scripta
919 850 990 901 qui
1015 850 1220 903 miseram,
1252 849 1408 901 imputo
1435 849 1534 889 ami-

149 911 279 964 citiae,
312 910 381 950 sed
415 909 563 962 deputo
593 909 684 962 plus
709 909 867 962 pudori.
925 922 1032 963 nam,
1062 911 1145 949 nisi
1170 913 1333 962 praeter
1358 920 1533 962 aequum

94 986 129 1012 10
149 975 324 1024 autumo,
356 975 401 1010 ut
433 970 617 1010 salutatio
650 970 749 1010 mihi
781 970 917 1010 debita
949 970 1288 1023 dissimularetur,
1319 982 1402 1010 non
1431 968 1531 1010 illud

149 1031 398 1071 contumacia
443 1030 513 1070 sed
557 1031 800 1071 verecundia
841 1031 927 1071 fuit.
997 1035 1036 1071 at
1078 1032 1113 1070 si
1149 1030 1322 1071 ulterius
1362 1031 1533 1083 paginae

148 1092 341 1143 garrienti
373 1091 500 1131 forem
533 1090 698 1145 claudis,
737 1091 946 1144 pessulum
979 1092 1170 1145 opponis,
1206 1091 1334 1144 quieti
1366 1090 1532 1144 quidem

148 1157 239 1191 tuae
272 1164 351 1191 non
381 1152 529 1191 invitus
562 1151 764 1206 indulgeo,
797 1151 867 1192 sed
901 1164 982 1191 non
1014 1151 1157 1204 procul
1186 1164 1208 1191 a
1233 1156 1273 1192 te
1300 1163 1393 1191 reos
1418 1163 1533 1191 meos

148 1213 407 1251 inventurum
426 1224 490 1251 me
517 1224 606 1252 esse
634 1212 839 1252 denuntio.
891 1210 931 1253 2.
957 1225 1051 1252 nam
1077 1217 1203 1252 totam
1230 1211 1383 1252 silentii
1407 1212 1535 1252 vestri

97 1287 130 1313 15
151 1272 342 1312 invidiam
387 1273 490 1312 verti
532 1285 613 1312 non
651 1274 846 1313 iniurium
885 1278 947 1313 est
986 1272 1035 1313 ad
1075 1272 1306 1326 superbiam
1345 1271 1536 1327 filiorum,

151 1334 220 1384 qui
252 1344 294 1372 se
323 1332 435 1384 diligi
461 1334 682 1373 sentientes
709 1334 911 1386 quoddam
937 1335 1147 1386 patiuntur
1172 1333 1221 1374 de
1248 1337 1388 1373 nostra
1414 1332 1533 1373 sedu-

149 1392 260 1432 litate
293 1393 508 1433 fastidium.
561 1406 661 1445 quos
692 1407 858 1434 monere
888 1406 962 1447 pro
989 1395 1119 1447 patria
1146 1394 1384 1435 auctoritate
1412 1392 1534 1434 debe-

149 1452 257 1506 bitis,
289 1458 334 1493 ut
366 1458 592 1493 contractae
622 1455 726 1507 apud
754 1467 827 1495 nos
854 1455 1030 1495 offensae
1057 1454 1369 1495 amaritudinem
1394 1453 1535 1507 politis

151 1512 337 1553 affatibus
371 1513 531 1554 dulcare
564 1527 646 1554 non
678 1515 873 1556 desinant.
938 1515 1034 1556 vale.

815 1669 868 1712 V.

96 1756 132 1782 20
412 1749 643 1786 SIDONIUS
671 1751 885 1788 SYAGRIO
914 1752 1007 1789 SUO
1036 1752 1279 1799 SALUTEM.

244 1823 280 1865 1.
314 1825 413 1865 Cum
447 1828 502 1866 sis
535 1827 712 1868 consulis
743 1842 946 1882 pronepos
986 1830 1108 1882 idque
1139 1842 1214 1883 per
1251 1829 1410 1870 virilem
1444 1842 1534 1870 suc-

150 1887 375 1925 cessionem
418 1882 680 1941 (quamquam
718 1889 759 1928 id
799 1890 845 1929 ad
885 1903 1048 1930 causam
1087 1890 1367 1931 subiciendam
1397 1891 1534 1931 minus

151 1941 326 2001 attinet),
359 1958 449 1986 cum
482 1948 538 1986 sis
570 1949 695 1999 igitur
727 1961 748 1988 e
781 1952 934 1991 semine
960 1956 1116 2005 poetae,
1149 1952 1215 1991 cui
1240 1950 1384 2004 procul
1410 1950 1534 1991 dubio

152 2010 302 2046 statuas
335 2006 531 2047 dederant
561 2007 737 2062 litterae,
777 2011 812 2049 si
850 2011 1010 2050 trabeae
1043 2024 1125 2051 non
1158 2011 1367 2052 dedissent
1405 2006 1534 2067 (quod

98 2081 131 2107 25
153 2067 274 2106 etiam
306 2078 413 2106 nunc
446 2069 621 2107 auctoris
649 2068 755 2108 culta
780 2071 964 2111 versibus
991 2071 1112 2112 verba
1137 2067 1373 2128 testantur),
1405 2084 1427 2112 a
1454 2083 1534 2124 quo

152 2126 284 2166 studia
316 2132 572 2179 posterorum
604 2140 654 2168 ne
684 2142 825 2181 parum
854 2132 1029 2186 quidem,
1062 2134 1211 2186 quippe
1238 2134 1282 2172 in
1306 2132 1382 2172 hac
1406 2136 1535 2186 parte,

152 2186 514 2241 degeneraverunt,
559 2189 733 2229 immane
777 2197 941 2232 narratu
986 2198 1065 2247 est,
1111 2198 1306 2245 quantum
1351 2197 1535 2245 stupeam

249 2320 271 2350 4
298 2313 476 2360 antiquas
506 2315 732 2361 Gustafsson
753 2320 758 2356 l
780 2317 838 2353 ita
865 2319 943 2354 aeri
972 2320 1127 2366 Geisler,
1157 2321 1215 2357 ita
1247 2331 1335 2356 aere
1360 2321 1431 2368 (vel
1456 2321 1537 2363 ere)

151 2362 279 2417 codd.,·
300 2362 342 2397 in
368 2373 456 2399 aere
482 2363 723 2410 Luetjoharm
753 2367 765 2412 ΙΙ
797 2370 818 2401 6
844 2367 974 2403 valeas
1002 2368 1034 2404 Ο
1062 2371 1074 2416 ΙΙ
1109 2373 1152 2405 17
1180 2368 1372 2405 debebitis
1398 2369 1488 2406 LN
1492 2369 1536 2416 T,

151 2410 301 2447 debetis
327 2411 378 2446 M
381 2411 413 2448 O
429 2413 440 2458 ΙΙ
