1592 2612
143 108 229 151 170
616 104 762 141 LIBER
788 103 1040 141 SEPTIMUS.

231 221 327 249 rura
358 206 606 261 paludicolae
637 208 786 247 temnis
819 205 1013 259 populosa
1043 204 1258 245 Ravennae

151 278 198 310 20
292 274 331 308 et
364 281 463 321 quae
497 267 675 320 lanigero
708 267 757 307 de
790 279 860 306 sue
893 278 1041 306 nomen
1072 264 1232 305 habent.

231 329 399 382 angulus
432 330 507 368 iste
540 327 672 381 placet
702 329 1047 380 paupertinusque
1081 338 1270 366 recessus

321 393 361 429 et
392 401 499 442 casa,
533 390 599 428 cui
631 388 763 428 culmo
796 387 970 427 culmina
1002 399 1143 440 pressa
1175 387 1320 427 forent.

231 450 418 490 aedificas
450 449 515 488 hic
548 450 634 502 ipse
668 449 742 488 deo
775 446 1002 488 venerabile
1035 446 1254 502 templum,

319 511 406 562 ipse
439 509 504 549 dei
536 508 732 562 templum
764 521 934 561 corpore
968 508 1070 548 facte
1102 509 1228 561 prius.

151 578 197 612 25
229 571 333 610 finiti
366 582 510 610 cursus
543 571 635 609 istic
667 571 851 621 vitaeque
884 570 1070 621 viaeque:

320 630 459 670 sudori
492 635 678 683 superest
710 629 829 682 dupla
862 642 1011 670 corona
1043 634 1124 670 tuo.

229 692 308 731 iam
340 695 380 731 te
413 692 676 731 circumstant
700 690 878 743 paradisi
909 690 1021 730 milia
1054 691 1180 745 sacri3

317 751 517 791 Abraham
550 753 629 791 iam
661 756 700 791 te
734 752 1052 804 conperegrinus
1084 750 1223 806 habet3

227 813 307 851 iam
338 813 509 864 patriam
542 812 787 865 ingrederis,
821 812 891 852 sed
924 812 973 852 de
1008 824 1086 864 qua
1118 811 1270 852 decidit
1300 811 1447 866 Adam3

318 874 397 912 iam
429 877 543 925 potes
576 872 625 912 ad
658 873 811 912 fontem
843 872 1022 913 fluminis
1055 874 1115 912 ire
1148 873 1219 913 tui.

229 967 267 1009 3.
299 969 422 1023 Ecce,
466 974 511 1009 ut
556 971 810 1023 iniunxeras,
856 982 957 1023 quae
1003 974 1160 1010 restant
1204 969 1362 1023 sepulto
1413 971 1522 1011 iusta

136 1029 421 1084 persolvimus3
473 1030 561 1083 sed,
607 1032 642 1070 si
685 1031 865 1070 vicissim
910 1031 1089 1071 caritatis
1140 1031 1324 1083 imperiis
1375 1030 1522 1071 fratres

137 1092 286 1130 amicos
320 1090 614 1131 commilitones
648 1090 817 1144 obsequi
850 1091 978 1144 decet,
1012 1091 1060 1131 ad
1092 1091 1241 1145 vicem,
1282 1103 1445 1146 quaeso,
1477 1095 1522 1132 tu

138 1163 296 1203 quoque
331 1150 478 1203 quibus
511 1153 664 1192 emines
698 1153 896 1192 institutis
929 1151 1151 1204 discipulos
1185 1153 1273 1192 eius
1300 1151 1522 1204 aggredere

100 1225 117 1250 5
140 1210 260 1251 solari
286 1211 626 1264 fluctuantemque
659 1212 839 1265 regulam
866 1213 1035 1252 fratrum
1062 1212 1350 1253 destitutorum
1377 1225 1521 1253 secun-

139 1271 234 1311 dum
268 1277 412 1311 statuta
432 1272 705 1312 Lirinensium
731 1278 893 1326 patrum
912 1272 975 1313 vel
996 1272 1328 1314 Grinincensium
1346 1272 1521 1314 festinus

138 1332 331 1386 informa3
358 1334 473 1372 cuius
507 1333 741 1386 disciplinae
771 1335 806 1373 si
839 1335 908 1386 qui
941 1333 1125 1388 rebelles,
1158 1335 1247 1387 ipse
1279 1334 1449 1388 castiga3
1482 1334 1519 1374 si

139 1393 208 1444 qui
241 1405 447 1447 sequaces,
479 1395 564 1446 ipse
598 1393 804 1434 conlauda.
868 1391 909 1434 4.
954 1395 1210 1448 praepositus
1242 1393 1323 1434 illis
1356 1394 1522 1447 quidem

138 1452 296 1492 videtur
330 1458 490 1493 sanctus
523 1454 747 1508 Auxanius,
794 1457 864 1508 qui
907 1457 986 1509 vir,
1030 1459 1075 1495 ut
1119 1456 1245 1509 nosti,
1289 1454 1521 1508 plusculum

83 1527 117 1553 10
138 1514 242 1552 iusto
288 1518 327 1553 et
372 1526 539 1567 corpore
585 1516 770 1556 infirmus
809 1521 849 1556 et
894 1515 1148 1556 verecundus
1191 1516 1355 1569 ingenio
1388 1527 1518 1569 eoque

137 1573 304 1625 parendi
336 1587 455 1626 quam
487 1576 713 1628 imperandi
755 1578 982 1629 promptior
1027 1577 1152 1629 exigit
1194 1581 1234 1616 te
1280 1577 1433 1630 rogari,
1476 1581 1522 1617 ut

136 1639 205 1673 tuo
244 1635 332 1686 ipse
371 1635 444 1674 sub
483 1637 715 1688 magisterio
760 1638 996 1677 monasterii
1039 1638 1233 1689 magister
1274 1635 1438 1677 accedat
1469 1641 1522 1691 et,

139 1695 173 1733 si
205 1696 295 1746 quis
328 1694 442 1735 illum
474 1695 522 1735 de
549 1697 777 1737 iunioribus
811 1699 1009 1750 spreverit
1046 1702 1251 1750 tamquam
1283 1698 1520 1750 imperitum

136 1753 199 1793 vel
230 1755 541 1810 pusillanimem,
572 1769 645 1809 per
676 1762 715 1797 te
747 1771 874 1798 unum
907 1760 1055 1798 sentiat
1085 1763 1304 1810 utrumque
1336 1770 1418 1798 non
1444 1759 1520 1798 im-

83 1828 117 1854 15
137 1827 243 1866 pune
277 1817 490 1856 contemni.
549 1817 646 1869 quid
688 1816 842 1859 multa?
899 1821 958 1859 vis
991 1824 1036 1859 ut
1073 1819 1213 1872 paucis
1260 1818 1358 1871 quid
1399 1817 1520 1858 velim

138 1873 360 1926 agnoscas?
392 1889 553 1930 quaeso,
580 1883 625 1917 ut
656 1877 777 1918 abbas
811 1881 864 1919 sit
895 1879 1019 1919 frater
1039 1879 1245 1920 Auxanius
1273 1891 1395 1932 supra
1421 1891 1518 1919 con-

137 1937 428 1990 gregationem,
459 1941 503 1976 tu
536 1950 630 1977 vero
664 1943 704 1978 et
736 1952 857 1992 supra
889 1939 1084 1980 abbatem.
1136 1939 1233 1980 vale.

233 2075 269 2099 v.
290 2067 335 2099 28
362 2065 400 2100 te
426 2063 505 2099 iam
534 2065 565 2102 G
578 2067 590 2112 ΙΙ
612 2071 632 2102 6
659 2065 959 2112 grinnicensium
987 2069 1018 2105 O
1033 2071 1045 2114 Η
