1592 2612
151 115 243 158 290

685 109 891 147 OARMEN
916 107 998 145 VII.

177 223 249 256 440
275 214 446 254 Hersilia
477 213 649 253 inseruit
679 210 867 251 Pallantis
901 209 1000 250 colle
1034 209 1213 250 Sabinas.

177 524 246 556 445

175 825 244 858 450

176 1126 246 1159 455

174 1427 244 1460 460

174 1727 244 1760 465

173 2027 244 2059 470

152 2289 204 2327 0¹⁰
223 2293 235 2336 ll

335 274 491 314 Interea
524 274 722 312 incautam
754 272 912 311 furtivis
944 269 1143 310 Vandalus
1176 270 1299 309 armis

275 341 314 375 te
348 336 464 387 capit,
497 332 700 385 infidoque
732 331 807 371 tibi
838 330 1073 383 Burgundio
1107 330 1230 371 ductu

277 398 487 446 extorquet
517 393 695 445 trepidas
727 391 928 432 mactandi
959 392 1156 444 principis
1188 391 1281 431 iras.

273 455 352 495 heu
383 452 552 494 facinus!
586 455 627 493 in
660 452 761 492 bella
793 454 941 492 iterum
974 455 1219 505 quartosque
1252 449 1414 491 labores

273 515 424 568 perfida
455 514 631 554 Elisseae
666 513 909 553 crudescunt
941 512 1108 566 classica
1139 511 1300 565 Byrsae.

272 576 479 616 nustristis
512 574 629 627 quod,
662 574 752 628 fata,
783 571 962 613 malum?
995 572 1284 613 conscenderat
1315 583 1435 612 arces

271 635 448 675 Euandri
478 634 646 687 Massyla
678 633 849 687 phalanx
881 639 1119 686 montesque
1151 632 1311 681 Quirini

272 696 496 736 Marmarici
527 707 712 747 pressere
744 694 867 747 pedes
901 705 1123 746 rursusque
1156 694 1311 734 revexit

273 768 372 809 quae
405 757 558 808 captiva
590 755 700 795 dedit
732 755 933 807 quondam
966 754 1165 807 stipendia
1196 753 1333 793 Barce.

273 816 436 856 exilium
467 820 638 870 patrum,
670 815 798 868 plebis
832 814 947 868 mala,
978 816 1163 868 principe
1197 825 1313 854 caeso
1382 866 1386 870 Ι

273 878 471 929 captivum
504 877 719 929 imperium
752 876 800 915 ad
833 874 993 916 Geticas
1026 887 1167 916 rumor
1197 874 1290 914 tulit
1321 885 1461 914 aures,

271 936 359 977 luce
392 949 492 976 nova
523 941 704 976 veterum
737 941 875 976 coetus
908 936 957 976 de
990 948 1103 975 more
1136 934 1329 975 Getarum

270 997 533 1051 contrahitur3
567 1002 644 1037 stat
675 998 808 1049 prisca
841 998 956 1037 annis
988 996 1212 1049 viridisque
1246 999 1440 1035 senectus

271 1057 466 1111 consiliis3
501 1057 684 1110 squalent
715 1062 846 1097 vestes
879 1070 924 1097 ac
958 1056 1118 1097 sordida
1150 1068 1286 1096 macro

273 1117 394 1157 lintea
427 1119 695 1170 pinguescunt
726 1123 852 1172 tergo,
885 1130 959 1157 nec
991 1122 1156 1170 tangere
1189 1120 1360 1170 possunt

272 1178 413 1218 altatae
447 1190 581 1218 suram
612 1178 750 1231 pelles,
783 1191 827 1218 ac
859 1177 1010 1231 poplite
1044 1177 1151 1217 nudo

270 1250 462 1291 peronem
493 1251 645 1291 pauper
676 1239 807 1278 nodus
839 1238 1051 1291 suspendit
1083 1238 1287 1290 equinum.

330 1298 545 1351 Postquam
577 1300 618 1338 in
652 1299 863 1339 consilium
897 1300 1103 1338 seniorum
1134 1299 1245 1338 venit
1275 1297 1434 1337 honora

272 1360 485 1411 pauperies
516 1361 707 1412 pacisque
741 1359 860 1399 simul
892 1371 963 1399 rex
996 1358 1116 1398 verba
1151 1358 1348 1412 poposcit,

272 1419 351 1458 dux
384 1420 454 1458 ait:
489 1416 704 1472 ‘optassem
735 1421 877 1472 patriis
911 1431 1080 1460 securus
1112 1420 1154 1458 in
1186 1419 1291 1458 arvis

271 1480 489 1533 emeritam,
522 1480 660 1534 fateor,
694 1493 854 1533 semper
886 1480 1033 1519 fovisse
1066 1481 1256 1533 quietem,

271 1551 318 1578 ex
352 1552 428 1591 quo
461 1539 626 1580 militiae
658 1545 749 1593 post
780 1542 916 1581 munia
949 1541 1055 1580 trina
1087 1538 1307 1592 superbum

270 1600 542 1651 praefecturae
577 1602 730 1653 apicem
764 1606 906 1654 quarto
940 1602 1019 1640 iam
1052 1600 1225 1640 culmine
1258 1600 1356 1639 rexi.

271 1659 340 1699 sed
373 1659 467 1699 dum
498 1673 563 1700 me
596 1663 724 1700 nostri
755 1663 945 1714 princeps
977 1660 1096 1700 modo
1128 1660 1324 1700 Maximus
1357 1657 1483 1698 orbis-

272 1720 466 1774 ignarum,
498 1720 704 1760 absentem
736 1734 952 1774 procerum
983 1733 1058 1774 per
1089 1720 1197 1760 mille
1230 1719 1413 1773 repulsas

271 1779 318 1818 ad
352 1779 470 1820 lituos
503 1786 594 1833 post
627 1783 713 1821 iura
746 1787 860 1822 vocat
891 1781 1096 1834 voluitque
1131 1781 1288 1821 sonoris

271 1852 510 1891 praeconem
541 1846 696 1881 mutare
729 1842 850 1895 tubis,
881 1843 1209 1895 promptissimus
1241 1840 1350 1881 istud

271 1901 423 1951 arripui
457 1901 645 1956 officium,
677 1915 746 1942 vos
780 1915 858 1955 quo
891 1902 1045 1955 legatus
1078 1902 1243 1942 adirem.

271 1959 430 1999 foedera
463 1963 594 2012 prisca
632 1975 793 2016 precor,
833 1975 933 2015 quae
967 1975 1073 2002 nunc
1105 1974 1220 2002 meus
1256 1960 1323 2001 ille
1356 1963 1533 2014 teneret,

272 2020 480 2059 iussissem
514 2023 548 2060 si
579 2022 694 2075 forte,
728 2035 863 2077 senex,
897 2024 962 2063 cui
995 2035 1154 2075 semper
1186 2022 1346 2062 Avitum

272 2081 417 2119 sectari
451 2083 623 2121 crevisse
657 2083 742 2122 suit.
806 2088 978 2123 tractare
1013 2082 1189 2122 solebam

271 2152 337 2179 res
370 2139 527 2180 Geticas
561 2141 672 2196 olim,
706 2144 786 2182 seis
817 2148 856 2183 te
890 2144 1068 2183 nescisse
1101 2143 1347 2195 frequenter,

247 2246 319 2278 440
344 2243 529 2289 pallantis
557 2245 613 2292 F]
640 2246 810 2292 palantis
837 2247 898 2286 Μ,
924 2247 1101 2293 palantes
1130 2247 1209 2293 CT,
1241 2245 1430 2292 vagantes
1456 2255 1532 2291 my.

254 2294 323 2326 441
345 2292 541 2327 incautum
564 2294 640 2339 GT,
667 2294 837 2329 incatum
859 2295 900 2331 F
915 2297 927 2341 ΙΙ
946 2300 1017 2331 446
1043 2294 1197 2331 nutritis
1222 2293 1338 2331 CTF
1354 2295 1366 2339 ss
1385 2295 1455 2329 451
1478 2292 1529 2327 ad

146 2339 270 2386 vulyo,
289 2351 357 2376 om.
372 2341 475 2376 codd.
497 2342 508 2386 ss
527 2344 598 2377 454
619 2341 770 2378 consilii
783 2343 834 2378 M
847 2345 859 2390 ΙΙ
879 2348 948 2380 458
970 2343 1174 2379 concilium
1193 2343 1302 2390 vulqo
1321 2343 1333 2389 ΙΙ
1352 2344 1423 2378 465
1442 2340 1531 2388 per]

145 2389 238 2433 post

261 2388 370 2435 vulyo
390 2391 401 2435 fl
654 2399 656 2402 ·
