1592 2612
326 126 555 164 SIDONIUS
584 125 873 164 GAUDENTIO
901 125 992 163 SUO
1021 125 1262 162 SALUTEM.
1463 125 1487 168 7

104 230 326 285 perniciter
357 229 509 270 sarcire
542 228 813 283 dispendium,
850 241 920 283 ne,
959 230 995 269 si
1028 233 1140 269 extra
1171 229 1490 281 praerogativam
1536 280 1551 286 f

106 289 327 331 consiliarii
369 291 412 330 in
456 288 673 330 concilium
717 291 896 344 veneris,
941 288 1047 330 solas
1092 290 1337 329 vicariorum
1380 290 1489 329 vices

105 352 236 404 egisse
267 350 439 391 videare.
503 349 600 390 vale.

759 480 835 524 IV.

324 563 554 601 SIDONIUS
582 562 872 600 GAUDENTIO
901 563 994 600 SUO
1021 562 1263 600 SALUTEM.

199 653 237 694 1.
280 652 408 694 Macte
449 658 552 708 esto,
596 654 658 693 vir
696 652 961 706 amplissime,
1007 652 1183 693 fascibus
1225 654 1353 706 partis
1397 652 1489 692 dote
1528 661 1545 688 5

104 715 362 768 meritorum3
407 726 580 767 quorum
624 719 669 754 ut
712 713 842 754 titulis
888 713 1152 766 apicibusque
1189 714 1365 768 potiare,
1409 725 1491 753 non

104 779 309 815 maternos
342 774 510 829 reditus,
541 787 623 815 non
655 776 780 815 avitas
806 774 1052 827 largitiones,
1083 786 1164 814 non
1190 775 1354 814 uxorias
1381 786 1491 827 gem-

104 847 204 889 maS,
241 848 324 876 non
355 840 544 889 paternas
575 836 768 889 pecunias
800 836 1076 889 numeravisti,
1109 836 1202 887 quia
1233 834 1309 875 tibi
1341 847 1362 875 e
1396 847 1491 875 con-

103 897 229 936 trario
261 895 366 950 apud
398 897 594 950 principis
633 894 806 936 domum‘
829 897 1012 952 inspecta
1045 896 1276 950 sinceritas,
1313 900 1491 949 spectata

106 955 312 1011 sedulitas,
343 956 519 997 admissa
552 956 741 997 sodalitas
774 952 891 997 lauds
915 957 1038 996 fuere.
1097 968 1120 996 ο
1152 961 1295 1009 terque
1329 961 1490 1009 quater·
1511 967 1546 993 10

105 1029 182 1069 que
221 1016 384 1058 beatum
421 1022 480 1072 te,
525 1017 574 1058 de
619 1011 746 1058 cuius’
774 1017 950 1057 culmine
991 1017 1108 1057 datur
1147 1018 1289 1057 amicis
1327 1016 1491 1071 laetitia,

102 1076 237 1118 lividis
274 1090 416 1133 poena,
459 1079 636 1131 posteris
681 1077 824 1133 gloria,
868 1082 955 1118 tum
999 1082 1210 1131 praeterea
1253 1079 1406 1130 vegetis
1451 1082 1492 1117 et

105 1137 308 1179 alacribus
340 1138 582 1193 exemplum,
614 1138 823 1179 desidibus
855 1143 896 1179 et
926 1140 1055 1192 pigris
1087 1140 1412 1192 incitamentum3
1452 1143 1492 1178 et

103 1203 258 1253 tamen,
302 1200 339 1239 si
384 1201 455 1252 qui
497 1204 609 1254 sunt,
654 1200 724 1252 qui
762 1204 802 1240 te
836 1212 1092 1253 quocumque
1131 1201 1265 1239 animo
1298 1199 1491 1252 deinceps

103 1259 425 1315 aemulabuntur,
463 1260 542 1300 sibi
574 1260 761 1314 forsitan,
800 1261 836 1300 si
867 1265 906 1300 te
941 1265 1259 1314 consequantur,
1305 1259 1491 1313 debeant,
1514 1271 1548 1296 15

103 1319 180 1360 tibi
212 1319 418 1362 debebunt
448 1320 590 1374 procul
623 1320 758 1375 dubio,
792 1321 898 1374 quod
932 1326 1168 1374 sequuntur.
1232 1319 1272 1361 2.
1307 1325 1490 1373 spectare

103 1380 204 1421 mihi
234 1381 374 1422 videor
405 1381 606 1422 bonorum
636 1393 734 1434 pace
773 1382 951 1434 praefata
982 1380 1092 1422 illam
1124 1383 1166 1421 in
1199 1380 1347 1421 invidis
1379 1382 1490 1434 igna-

103 1442 209 1481 viam
253 1441 555 1495 superbientem
601 1447 641 1482 et
681 1441 779 1500 illud
817 1442 1017 1482 militandi
1055 1442 1255 1483 inertibus
1294 1441 1490 1482 familiare

104 1501 328 1557 fastidium,
366 1515 458 1543 cum
491 1516 514 1543 a
551 1503 833 1555 desperatione
873 1503 1086 1543 crescendi
1124 1505 1231 1543 inter
1268 1502 1490 1543 bibendum

103 1561 432 1616 philosophantes
460 1563 582 1603 ferias
607 1562 940 1603 inhonoratorum
966 1563 1140 1618 laudant,
1172 1564 1270 1603 vitio
1298 1563 1489 1617 desidiae,
1511 1575 1546 1601 20

103 1635 186 1663 non
218 1623 352 1664 studio
386 1624 650 1676 perfectionis
678 1655 685 1663 .
715 1656 722 1663 .
751 1656 758 1663 .

614 1683 639 1710 >ie
788 1708 813 1735 ἧς
960 1683 986 1710 ³1<

106 1741 144 1785 3.
178 1777 186 1784 .
215 1777 222 1784 .
251 1777 259 1784 .
293 1745 515 1798 appetitus,
559 1757 609 1784 ne
652 1744 782 1784 adhuc
820 1745 958 1797 pueris
998 1745 1092 1784 usui
1124 1744 1245 1798 foret,
1290 1746 1490 1785 maiorum

106 1804 257 1845 iudicio
275 1805 546 1859 ‘reiciebatur3
580 1806 639 1845 sic
660 1804 963 1845 adulescentum
985 1804 1367 1845 declamatiunculas
1393 1818 1489 1858 pan-

105 1866 170 1905 nis
207 1864 417 1906 textilibus
456 1870 736 1919 comparantes
774 1865 1062 1918 intellegebant
1099 1865 1258 1918 eloquia
1299 1866 1489 1906 iuvenum
1511 1874 1546 1901 25

105 1924 346 1972 laboriosius
392 1926 529 1967 brevia
573 1926 743 1979 produci
789 1939 909 1979 quam
952 1931 1138 1979 porrecta
1184 1926 1349 1966 succidi.
1419 1926 1489 1967 sed

104 2077 415 2124 participandam
435 2078 480 2115 N
484 2078 534 2114 M
540 2078 611 2116 OT
626 2080 638 2126 ΙΙ
660 2082 704 2115 16
732 2079 1016 2125 consequuntur
1039 2078 1071 2115 Ο
1084 2080 1096 2125 ΙΙ
1117 2082 1163 2114 20
1189 2077 1304 2114 ferias
1331 2078 1490 2115 inhono-

103 2128 275 2162 ratorum
302 2128 361 2172 (in
385 2138 459 2164 ras.
480 2138 507 2163 s.
529 2127 552 2163 l.
574 2127 619 2165 Ν
621 2129 650 2172 ¹)
677 2127 841 2164 laudant
866 2128 912 2164 N
916 2127 988 2164 CT
1010 2131 1044 2164 et
1064 2128 1208 2173 partim
1234 2128 1276 2163 in
1301 2139 1375 2164 ras.
1399 2139 1489 2174 par-

104 2175 172 2211 tim
202 2176 245 2211 in
275 2180 371 2222 spat.
403 2186 482 2212 vac.
510 2176 598 2213 add.
625 2167 693 2213 115¹
725 2180 794 2213 aut
819 2177 899 2222 111²,
927 2175 967 2211 in
999 2175 1120 2222 frigus
1147 2174 1334 2211 honoravi
1367 2178 1437 2223 (sp.
1465 2180 1491 2214 8

104 2223 175 2260 litt.
201 2229 297 2267 vac.)
322 2223 439 2260 lauda
473 2232 542 2270 (sp.
565 2227 588 2260 4
614 2225 638 2260 l.
658 2227 708 2271 v.)
736 2225 784 2270 L,
815 2224 858 2260 in
887 2223 1068 2271 phrigiis;
1101 2223 1375 2260 honoratorum
1406 2224 1491 2260 lau-

105 2271 202 2307 dant
228 2271 291 2318 Vn
310 2276 356 2308 23
383 2277 469 2309 ante
497 2272 693 2319 appetitus
720 2273 786 2321 leq.
812 2273 925 2309 huius
953 2271 1054 2308 enim
1079 2273 1123 2308 i‘n
1144 2271 1183 2317 0,
1209 2272 1317 2308 cuius
1336 2274 1379 2309 in
1399 2273 1491 2319 PF,

103 2324 278 2356 ‘neutrwm
303 2325 355 2358 est
379 2321 422 2357 in
444 2321 479 2356 L
495 2321 583 2356 VM
592 2321 635 2367 T,
660 2322 724 2358 sed
750 2320 857 2357 cuius
884 2322 970 2358 add.
992 2322 1034 2357 in
1059 2332 1176 2368 mary.
1197 2321 1248 2356 M
1269 2325 1304 2358 et
1327 2332 1354 2358 s.
1377 2322 1400 2358 l.
1424 2323 1489 2358 T1.

104 2369 244 2405 maiore
271 2369 408 2405 lacwna
434 2374 468 2406 et
492 2370 602 2414 finem
628 2381 680 2417 ep.
702 2370 770 2406 IV
790 2374 823 2406 et
854 2371 1007 2406 initium
1039 2369 1194 2406 alterius
1219 2370 1393 2407 haustum
1418 2382 1491 2407 esse

103 2417 200 2454 vidit
225 2417 465 2463 Luetjohann
483 2418 495 2462 ΙΙ
