1592 2612
127 138 215 181 152
600 134 749 171 LIBER
773 132 1028 171 SEPTIMUS.

127 244 283 280 certum
316 243 389 292 est,
422 237 517 291 quid
549 236 765 277 barbarum
799 235 1022 276 suaderetis
1055 235 1200 287 ignavi.
1258 232 1298 276 6.
1333 233 1404 274 sed
1436 247 1514 276 cur

128 299 258 340 dolori
289 300 413 339 nimio
446 299 558 338 frena
585 294 794 337 laxamus?
826 297 924 348 quin
955 296 1092 348 potius
1124 296 1322 347 ignoscite
1349 294 1513 336 afflictis

127 373 202 400 nec
235 361 427 412 imputate
459 357 746 410 maerentibus.
798 368 971 409 namque
1005 355 1080 396 alia
1112 357 1225 408 regio
1251 355 1398 396 tradita
1425 368 1512 396 ser-

127 422 270 460 vitium
291 425 437 473 sperat,
469 419 646 458 Arverna
667 417 919 470 supplicium.
972 429 1067 456 sane
1090 418 1124 456 si
1143 416 1339 457 medicari
1357 418 1511 457 nostris

91 480 281 521 5ultimis
313 492 393 519 non
426 479 584 532 valetis,
631 478 763 518 saltim
802 477 877 517 hoc
917 477 1065 517 efficite
1104 489 1226 529 prece
1266 476 1422 532 sedula,
1466 482 1512 535 ut
1581 477 1586 482 “

130 537 291 593 sanguis
324 541 438 594 vivat,
471 551 641 592 quorum
676 539 737 579 eSt
768 539 963 578 moritura
996 536 1181 592 libertas;
1212 542 1350 591 parate
1384 537 1512 578 exuli-

127 601 204 641 bus
236 605 404 654 terram,
443 599 649 652 capiendis
683 599 1023 652 redemptionem,
1054 599 1245 638 viaticum
1276 599 1512 651 peregrinaL

127 663 242 701 turis.
304 662 510 703 simurus
543 664 682 700 noster
715 661 895 712 aperitur
927 658 1126 713 hostibus,
1156 671 1239 699 non
1272 660 1326 700 sit
1351 659 1515 700 clausus

62 714 68 721 ’
127 726 261 762 vester
304 720 542 774 hospitibus.
612 732 768 760 memor
811 721 941 759 nostri
986 731 1075 759 esse
1120 719 1305 774 dignare,
1350 719 1512 761 domine

74 793 109 820 ιο
127 794 239 835 papa.

758 898 879 942 VHI.

208 981 435 1018 SIDONIUS
460 981 656 1019 DOMINO
683 951 844 1018 PAPAE
870 981 1163 1018 EUPHRONIO
1190 981 1434 1020 SALUTEM.

221 1057 259 1099 1.
304 1059 638 1112 Quandoquidem
675 1072 739 1099 me
779 1059 978 1099 clericalis
1018 1059 1142 1099 officii
1178 1059 1338 1100 vincula
1376 1058 1516 1113 ligant,

129 1118 414 1172 felicissimum⁶
444 1120 734 1159 mediocritatis
773 1133 886 1160 meae
926 1125 1076 1160 statum
1115 1121 1440 1175 pronuntiarem,
1479 1119 1516 1160 si

130 1179 245 1219 nobis
283 1179 528 1220 haberentur
566 1193 686 1232 quam
717 1182 922 1220 territoria
954 1182 1084 1221 vicina
1116 1186 1199 1220 tam
1230 1182 1401 1221 moenia.
1464 1180 1545 1221 de*

75 1252 110 1278 15
129 1241 308 1279 minimis
340 1239 526 1281 videlicet
558 1240 680 1280 rebus
713 1253 903 1281 coronam
935 1246 1047 1281 tuam
1071 1243 1339 1295 maximisque
1367 1253 1514 1282 consu—

129 1300 273 1353 lerem,
311 1301 504 1353 fieretque
537 1302 739 1341 actionum
774 1314 955 1342 mearum
995 1303 1112 1355 quasi
1144 1303 1370 1355 cuiuspiam
1401 1302 1515 1342 fluvii

129 1360 310 1414 placidus
343 1373 487 1401 cursus
520 1366 638 1414 atque
671 1363 911 1416 inoffensus,
951 1364 986 1402 si
1025 1375 1046 1402 e
1082 1367 1256 1403 tractatu
1286 1368 1357 1403 tuo
1389 1362 1517 1403 veluti

131 1434 180 1461 ex
213 1420 476 1468 saluberrimo
508 1422 617 1462 fonte
650 1428 841 1463 manaret.
892 1423 1035 1476 procul
1067 1422 1190 1463 dubio
1216 1428 1313 1464 tunc
1339 1422 1407 1464 ille
1433 1435 1516 1463 non

131 1486 239 1521 esset
270 1486 337 1521 aut
363 1494 577 1534 spumosus
604 1495 677 1535 per
702 1485 934 1524 iactantiam
960 1487 1029 1524 aut
1054 1483 1243 1524 turbidus
1270 1496 1345 1538 per
1371 1496 1514 1537 super·
1560 1492 1562 1494 ’

75 1555 110 1581 20
130 1541 238 1581 biam
265 1546 332 1582 aut
353 1555 547 1583 caenosus
574 1556 647 1596 per
667 1545 957 1585 conscientiam
977 1549 1045 1585 aut
1063 1557 1259 1598 praeceps
1280 1552 1355 1598 per
1373 1546 1514 1585 iuven-

63 1601 65 1603 ’
131 1607 269 1642 tutem.
341 1604 438 1655 quin
476 1605 611 1656 potius
650 1605 692 1644 in
734 1604 801 1644 illo
841 1604 1071 1657 squalidum
1110 1606 1145 1645 si
1184 1605 1281 1658 quid
1320 1618 1366 1645 ac
1398 1609 1519 1658 putre

133 1662 326 1717 sorderet,
352 1668 482 1703 totum
508 1664 548 1703 id
576 1664 751 1705 admixta
772 1665 932 1705 consilii
957 1667 1018 1706 tui
1038 1678 1138 1714 vena
1159 1665 1345 1706 dilueret.
1385 1665 1424 1706 2.
1446 1665 1518 1706 sed

132 1724 320 1775 quoniam
363 1723 643 1764 huiuscemodi
681 1727 784 1765 votis
824 1727 951 1779 spatia
991 1731 1086 1766 sunt
1123 1725 1241 1779 longa
1279 1727 1519 1779 interposita

130 1784 472 1838 praepedimento,
505 1785 644 1825 sedulo
677 1798 835 1840 precor,
868 1792 913 1826 ut
945 1786 1225 1827 consulentem
1252 1786 1300 1827 de
1329 1786 1521 1840 scrupulo

77 1854 111 1881 25
133 1844 317 1892 incursae
344 1844 616 1897 ambiguitatis
644 1846 833 1898 expedias
861 1852 913 1901 et,
947 1849 1040 1899 quia
1067 1847 1333 1902 Simplicium,
1364 1851 1521 1900 specta-

130 1903 253 1943 bilem
286 1906 428 1958 virum‚
462 1907 697 1958 episcopum
731 1906 809 1946 sibi
840 1907 993 1959 flagitat
1025 1908 1198 1961 populus
1225 1907 1384 1948 Biturix
1411 1907 1520 1955 ordi-

131 1965 237 2018 nari,
276 1964 372 2017 quid
412 1977 533 2017 super
570 1970 680 2005 tanto
721 1966 889 2007 debeam
921 1970 1083 2020 negotio
1122 1969 1273 2023 facere,
1313 1968 1520 2015 decernas.
1562 2015 1569 2022 ,

131 2023 252 2064 huius
286 2037 329 2064 es
355 2037 529 2078 namque
557 2025 618 2065 vel
646 2039 739 2079 erga
766 2040 829 2067 me
857 2028 1102 2080 dignationis
1128 2028 1192 2069 vel
1218 2041 1313 2082 erga
1339 2029 1523 2082 reliquos

134 2087 395 2139 auctoritatis,
434 2090 491 2139 ut,
524 2087 559 2125 si
592 2087 687 2138 quid
722 2087 810 2127 fieri
842 2088 952 2128 voles
986 2085 1114 2144 (voles
1148 2094 1295 2144 autem,
1327 2088 1523 2142 quicquid
1588 2081 1592 2086 ¹

78 2155 115 2182 30
135 2146 424 2197 aequissimum
457 2141 558 2201 est),
592 2149 677 2186 'non
717 2148 886 2188 suadere
922 2154 1001 2188 tam
1035 2150 1182 2190 debeas
1216 2162 1337 2203 quam
1369 2149 1523 2190 iubere.

234 2275 252 2306 1
282 2273 510 2322 suaderetis]
541 2274 776 2311 adiuvaretis
794 2276 1012 2313 Mommsen
1030 2279 1042 2323 ΙΙ
1063 2282 1084 2314 3
1110 2277 1372 2314 maerentibus
1400 2289 1469 2315 om.
1498 2276 1532 2315 G

135 2321 147 2365 Η
174 2323 217 2355 17
244 2319 418 2365 placidus
442 2322 477 2357 L
503 2327 537 2359 et
562 2326 673 2359 (corr.
700 2325 743 2359 in
768 2323 1055 2369 placidissimus
1077 2327 1122 2362 N
1125 2327 1211 2372 ¹)N‚
1238 2325 1528 2373 placidissimus

134 2368 355 2413 M0T1118
383 2381 427 2405 ex
455 2370 591 2417 LNT,
620 2382 639 2407 e
666 2371 753 2408 ΜΟ
768 2373 779 2418 ΙΙ
800 2376 844 2408 23
872 2373 1051 2418 quoniam
1073 2375 1130 2421 L,-
1147 2374 1251 2421 quod
1278 2374 1404 2412 MOT
1426 2378 1461 2412 et
1484 2375 1530 2411 i‘n
1590 2388 1592 2390 ’

136 2427 209 2453 ras.
238 2417 296 2452 Nl
317 2419 357 2475 ΙΙ.
