1592 2612
362 132 592 170 SIDONIUS
618 132 770 169 LEONI
795 131 889 170 SUO
916 131 1158 169 SALUTEM.
1369 130 1455 174 173

68 237 270 278 stantiam.
334 235 498 276 demum
541 247 637 275 vero
682 235 863 275 medium
907 234 1009 275 nihil
1049 239 1128 275 est:
1172 245 1346 286 namque
1389 238 1458 273 aut

67 298 283 338 minimum
313 308 363 337 ex
394 295 506 336 hisce
538 295 802 336 metuendum
833 300 896 336 est
928 300 997 336 aut
1028 307 1102 349 per
1130 296 1266 335 omnia
1291 295 1455 334 omnino

66 356 435 399 conticescendum.
499 355 596 397 vale.

736 510 792 555 II.

331 593 561 631 SIDONIUS
587 594 804 631 IOHANNI
829 593 923 631 SUO
951 593 1193 631 SALUTEM.

165 671 202 712 1.
235 671 398 712 Credidi
435 684 518 726 me,
555 673 617 711 vir
654 672 922 725 peritissime,
960 671 1073 712 nefas
1106 673 1149 711 in
1181 671 1315 712 studia
1348 683 1456 711 com·
1495 682 1512 708 5

68 734 243 787 mittere,
275 734 311 773 si
343 731 594 773 distulissem
624 733 819 785 prosequi
851 731 1050 786 laudibus,
1087 732 1194 785 quod
1227 731 1382 772 aboleri
1412 736 1458 771 tu

68 793 226 834 litteras
271 792 484 847 distulisti,
530 805 702 846 quarum
747 792 1041 846 quodammodo
1086 794 1166 833 iam
1208 792 1459 846 sepultarum

68 855 288 895 suscitator
319 854 452 894 fautor
485 858 664 894 assertor
697 853 1014 907 concelebraris,
1050 858 1172 906 teque
1204 865 1278 906 per
1310 852 1458 893 Gallias

69 927 150 955 uno
182 915 376 967 magistro
410 913 484 954 sub
522 914 597 955 hac
635 918 874 967 tempestate
906 913 1107 954 bellorum
1138 913 1279 954 Latina
1317 918 1458 954 tenue-

68 980 166 1016 runt
192 987 262 1015 ora
288 979 463 1029 portum,
490 987 583 1015 cum
608 974 852 1028 pertulerint
875 987 986 1015 arma
1004 975 1270 1028 naufragium.
1323 972 1363 1014 2.
1390 974 1458 1014 de·
1481 986 1515 1012 ιο

67 1035 167 1076 bent
206 1037 332 1088 igitur
375 1035 439 1075 vel
484 1036 678 1088 aequaevi
716 1035 780 1076 vel
822 1037 978 1089 posteri
1021 1036 1152 1075 nostri
1195 1036 1459 1076 universatim

69 1096 320 1137 ferventibus
352 1097 457 1136 votis
490 1095 662 1136 alterum
699 1100 740 1136 te
778 1101 824 1136 ut
854 1095 1172 1150 Demosthenen,
1211 1095 1383 1136 alterum
1415 1100 1460 1136 ut

67 1156 247 1197 Tullium
278 1169 387 1197 nunc
421 1157 579 1210 statuis,
619 1157 654 1197 si
686 1156 817 1211 liceat,
850 1169 1102 1211 consecrare,
1134 1169 1242 1197 nunc
1274 1157 1459 1209 imagini-

68 1217 159 1272 bus,
192 1218 263 1270 qui
293 1221 334 1258 te
361 1216 531 1258 docente
559 1217 721 1258 formati
746 1218 1004 1271 institutique
1031 1219 1111 1258 iam
1138 1218 1231 1257 sinu
1256 1218 1299 1257 in
1325 1217 1459 1257 medio

68 1279 128 1318 sic
161 1279 293 1331 gentis
324 1279 509 1331 invictae,
548 1278 656 1331 quod
689 1283 825 1318 tamen
857 1278 1027 1332 alienae,
1058 1277 1251 1318 natalium
1282 1282 1460 1318 vetusto-
1482 1288 1516 1315 15

69 1351 162 1379 rum
194 1340 309 1391 signa
340 1337 594 1378 retinebunt:
626 1351 719 1379 nam
752 1340 832 1379 iam
865 1341 1032 1379 remotis
1066 1338 1258 1392 gradihus
1288 1338 1461 1391 dignita-

69 1404 175 1453 tum,
213 1411 288 1451 per
320 1410 419 1451 quas
453 1398 608 1439 solebat
639 1398 782 1439 ultimo
815 1412 837 1439 a
870 1412 1031 1452 quoque
1071 1411 1254 1440 summus
1288 1401 1461 1452 quisque

68 1459 267 1513 discerni,
313 1458 444 1498 solum
482 1460 561 1499 erit
599 1459 766 1512 posthac
805 1459 1027 1499 nobilitatis
1066 1460 1263 1500 indicium
1305 1459 1461 1500 litteras

69 1532 203 1560 nosse.
256 1518 295 1561 3.
329 1531 403 1559 nos
436 1531 531 1559 vero
565 1523 723 1559 ceteros
756 1532 879 1572 supra
911 1519 1119 1560 doctrinae
1145 1524 1236 1560 tuae
1263 1519 1462 1560 beneficia

70 1581 373 1633 constringunt,
425 1578 572 1632 quibus
623 1579 775 1632 aliquid
827 1579 1007 1620 scribere
1054 1581 1226 1620 assuetis
1272 1580 1460 1633 quodque
1482 1592 1518 1618 20

71 1642 233 1682 venturi
264 1640 399 1693 legere
438 1641 598 1693 possint
637 1639 938 1680 elaborantibus
977 1639 1111 1680 saltim
1143 1639 1192 1679 de
1224 1644 1293 1680 tua
1326 1640 1462 1680 schola

72 1713 145 1742 seu
176 1702 411 1755 magisterio
445 1705 679 1753 competens
713 1699 909 1740 lectorum
941 1700 1059 1740 turba
1091 1701 1311 1753 proveniet.
1363 1699 1462 1741 vale.

732 1878 810 1922 III.

359 1961 592 1998 SlDONIUS
620 1961 774 1998 LEONI
800 1960 893 1998 SUO
923 1960 1168 1998 SALUTEM.

168 2037 204 2080 1.
250 2039 452 2093 Apollonii
495 2038 752 2092 Pythagorici
796 2040 935 2093 vitam,
980 2050 1062 2079 non
1106 2043 1151 2079 ut
1195 2037 1463 2079 Nicomachus

0 2119 3 2121 ·
73 2101 212 2141 senior
257 2113 278 2140 e
317 2100 551 2140 Philostrati
596 2099 666 2140 sed
705 2104 749 2139 ut
787 2099 954 2140 Tascius
986 2099 1239 2139 Victorianus
1285 2111 1306 2139 e
1345 2098 1463 2139 Nico·
1485 2112 1519 2138 25

174 2232 193 2263 1
222 2228 376 2264 demum
402 2228 509 2275 vero]
536 2228 583 2273 cf.
609 2227 747 2265 Claud.
768 2228 887 2264 Mam.
905 2239 944 2274 p.
966 2231 1030 2272 20,
1050 2228 1126 2263 9E
1141 2229 1153 2274 ΙΙ
1173 2231 1195 2263 4
1210 2231 1324 2264 totam
1344 2238 1398 2274 ep.
1419 2228 1472 2264 II

0 2299 3 2301 >
75 2287 144 2314 om.
166 2276 255 2313 LN
267 2277 368 2322 VTu
389 2280 410 2312 8
437 2275 644 2312 celebraris
674 2277 731 2323 01}
758 2280 802 2311 12
830 2276 1119 2311 demosthenem
1147 2275 1183 2311 P
1205 2276 1217 2321 ss
1246 2278 1288 2310 15
1316 2276 1465 2312 alienae

74 2324 267 2361 natalium
287 2325 540 2371 Luetjohmm,
567 2324 696 2360 aliena
721 2334 831 2368 (corr.
859 2326 901 2360 in
928 2324 1078 2360 alienae
1105 2324 1184 2369 Ml)
1212 2323 1350 2359 talium
1370 2325 1421 2360 M
1427 2324 1464 2368 Ο,

76 2372 227 2409 alienae
254 2373 391 2409 talium
419 2374 503 2409 PF
520 2376 530 2420 ΙΙ
554 2377 596 2408 19
624 2385 676 2409 απ
702 2384 818 2420 supra
844 2374 1015 2409 ceteros?
1042 2372 1302 2418 Luetjohanm
1328 2374 1391 2410 sed
1417 2373 1462 2418 ef.

74 2432 128 2468 ep.
152 2422 229 2468 IX,
249 2426 286 2468 9,
308 2425 355 2458 16
381 2422 497 2467 idque
526 2433 641 2467 supra.
660 2424 672 2468 [1
