1592 2612
363 107 594 177 SIDONIUS
619 135 834 175 PETREIO
862 136 956 174 SUO
984 134 1227 172 SALUTEM.
1432 131 1491 176 85

101 243 334 286 consuleret
364 243 514 284 invitus
522 274 534 296 ,
575 254 598 282 a
636 242 753 282 cuius
792 239 1078 293 disputationis
1118 237 1402 278 communione
1439 248 1491 276 ne

101 306 321 347 idiotarum
348 303 512 358 quidem
538 303 902 355 imperitorumque
931 299 1152 340 sciscitatio
1173 294 1493 351 repudiabatur?

101 365 142 408 4.
174 367 274 407 11366
306 377 433 420 pauca
466 363 515 404 de
546 362 704 404 studiis.
756 367 937 402 ceterum
965 365 1100 401 cetera
1127 359 1218 412 quis
1245 358 1493 412 competenti

102 428 320 481 praeconio
353 424 535 479 extollat,
573 423 681 477 quod
714 423 966 463 condicionis
1006 421 1205 461 humanae
1245 432 1320 473 per
1359 420 1493 459 omnia

102 500 260 529 memor
304 487 475 527 clericos
520 497 642 538 opere
695 496 881 524 sermone
928 481 1163 536 populares,
1214 480 1492 521 exhortatione
1532 487 1550 515 5

103 553 332 590 maerentes
365 547 581 587 destitutos
615 544 784 599 solacio,
822 545 1002 597 captivos
1040 543 1172 596 pretio
1211 542 1371 582 ieiunos
1404 539 1495 581 cibo

103 609 236 651 nudos
289 609 540 662 operimento
593 602 910 647 consolabatur?
979 605 1134 657 pariter
1179 606 1219 643 et
1264 614 1387 655 super
1430 600 1496 641 1115

104 670 220 724 plura
265 669 462 723 replicare
502 667 838 720 superforaneum
878 670 1022 706 statuo.
1093 675 1187 704 nam
1224 663 1371 703 merita
1413 674 1497 716 sua,

106 730 254 785 quibus
287 730 453 770 divitem
485 728 775 769 conscientiam
802 739 928 767 censu
953 729 1199 779 pauperatus
1225 722 1498 776 locupletavit,

107 800 179 846 spe
211 791 370 832 futurae
402 788 684 830 retributionis
717 787 848 829 celare
874 786 967 840 plus
995 785 1160 826 studuit.
1219 783 1258 825 5.
1286 797 1384 822 *ῆι*
1412 784 1497 836 epi·
1518 792 1553 818 10

108 864 277 906 scopum
316 852 482 891 fratrem
520 851 716 890 maiorem
754 853 852 889 natu
891 847 1226 888 affectuosissime
1267 844 1500 898 observans,

108 925 229 967 quem
261 911 454 965 diligebat
485 916 530 951 ut
562 910 702 964 filium,
735 922 828 950 cum
858 913 1064 961 tamquam
1095 911 1254 960 patrem
1285 917 1498 945 venerare-

107 979 186 1015 tur.
245 973 315 1013 sed
349 977 389 1013 et
421 971 487 1011 ille
521 970 770 1024 suspiciebat
800 970 910 1010 hunc
936 968 1157 1022 granditer,
1187 966 1342 1007 habens
1374 967 1417 1006 in
1450 977 1498 1005 eo

109 1033 387 1075 consiliarium
412 1034 455 1072 in
482 1032 645 1072 iudiciis
670 1032 868 1071 vicarium
894 1031 937 1070 in
964 1029 1161 1082 ecclesiis,
1192 1031 1500 1081 procuratorem

108 1097 152 1135 in
184 1095 359 1148 negotiis
390 1093 555 1133 vilicum
593 1094 636 1132 in
674 1091 870 1145 praediis,
908 1090 1153 1131 tabularium
1184 1090 1227 1128 in
1259 1087 1425 1128 tributis
1458 1088 1500 1126 in
1521 1095 1555 1122 15

107 1154 351 1196 lectionibus
384 1155 592 1207 comitem,
629 1154 673 1192 in
705 1151 1028 1205 expositionibus
1060 1152 1328 1202 interpretem
1360 1149 1403 1188 in
1435 1148 1501 1188 iti-

109 1215 277 1257 neribus
323 1214 665 1256 contubernalem.
735 1215 794 1254 sic
831 1214 995 1265 utrique
1042 1211 1090 1252 ab
1134 1210 1329 1250 alterutro
1370 1221 1501 1261 usque

109 1277 159 1318 ad
192 1276 384 1317 invidiam
417 1274 591 1328 exempli
622 1279 763 1314 mutua
795 1273 874 1314 fide
907 1273 1186 1326 germanitatis
1219 1271 1352 1310 officia
1383 1270 1501 1309 resti—

108 1337 339 1378 tuebantur.
391 1334 430 1378 6.
459 1335 530 1376 sed
558 1335 655 1388 quid
676 1334 857 1375 dolorem
883 1338 1069 1374 nostrum
1094 1332 1345 1372 moderaturi
1368 1331 1502 1371 causis

111 1399 248 1452 potius
281 1396 433 1438 doloris
466 1397 644 1437 fomenta
677 1392 932 1436 sufficimus?
996 1406 1105 1447 ergo,
1137 1397 1183 1433 ut
1215 1392 1351 1432 dicere
1385 1392 1500 1431 insti·
1522 1398 1558 1425 2⁰

111 1464 332 1512 tueramus,
363 1457 459 1497 huic
491 1458 584 1510 iam,
615 1461 661 1496 ut
694 1461 755 1496 est
786 1455 886 1496 illud
912 1455 1205 1507 Maronianum,
1238 1453 1398 1493 cineri
1430 1453 1504 1491 in-

113 1523 250 1572 grato
296 1518 336 1558 id
383 1522 445 1557 est
489 1518 659 1569 gratiam
703 1529 785 1556 non
827 1515 1004 1556 relaturo
1044 1515 1208 1555 neniam
1247 1512 1503 1553 condidimus

112 1581 273 1620 tristem
305 1578 610 1630 luctuosamque
643 1576 939 1630 propemodum
971 1574 1191 1628 laboriose,
1226 1575 1320 1627 quia
1353 1573 1504 1613 faceret

114 1639 293 1680 dictandi
326 1638 550 1679 desuetudo
583 1637 874 1691 difficultatem,
906 1637 987 1676 nisi
1020 1635 1127 1688 quod
1154 1636 1334 1675 animum
1359 1638 1503 1674 natura

114 1701 482 1741 desidiosissimum
521 1698 636 1738 dolor
674 1698 771 1738 ssetu
811 1696 999 1750 gravidus
1039 1695 1234 1736 accendit.
1299 1696 1387 1734 eius
1425 1694 1502 1733 hoc
1523 1701 1559 1728 25

113 1773 277 1802 carmen
310 1765 388 1801 est:

336 1856 527 1897 Germani
560 1856 683 1897 decus
717 1860 757 1896 et
789 1854 904 1894 dolor
935 1853 1134 1907 Mamerti,

334 1919 554 1958 mirantum
585 1918 705 1957 unica
736 1928 883 1969 pompa
916 1916 1212 1968 episcoporum,

334 1978 411 2018 1106
445 1978 512 2018 dat
545 1978 720 2030 caespite
753 1975 934 2017 membra
967 1975 1224 2027 Claudianus,

335 2038 482 2092 triplex
514 2038 769 2092 bybliotheca
802 2049 880 2089 quo
913 2037 1120 2089 magistro,

288 2108 309 2140 5
336 2098 514 2139 Romana
546 2099 675 2139 Attica
708 2097 948 2151 Christiana,
980 2096 1109 2150 fulsit3

216 2244 260 2276 21
287 2239 402 2286 Verg.
422 2239 516 2275 Aen.
537 2238 601 2282 VI,
623 2241 704 2275 213.

217 2291 238 2324 2
264 2287 542 2335 repudiabatur
573 2287 610 2322 L
643 2291 678 2323 et
710 2289 818 2331 (corr.
851 2287 894 2322 i‘n
925 2283 1194 2330 repudiaretur
1218 2282 1293 2327 Νι)
1303 2281 1360 2328 Ν,
1392 2293 1506 2328 repu-

121 2336 293 2373 diaretur
318 2336 368 2372 M
373 2336 444 2373 OT
459 2338 472 2382 ΙΙ
492 2340 513 2371 5
539 2335 741 2381 populares
770 2344 943 2370 sermone
969 2332 1160 2368 merentes
1188 2328 1456 2367 exhortatione
1477 2329 1510 2365 Ο

119 2386 128 2432 ll
156 2388 202 2420 10
227 2386 382 2422 initium
407 2384 608 2421 sententiae
633 2384 751 2420 deesse
776 2383 871 2420 vidit
897 2382 971 2417 Leo
995 2383 1008 2427 ΙΙ
1037 2385 1079 2416 13
1108 2381 1146 2416 et
1171 2390 1239 2417 om.
1263 2378 1321 2427 011
1341 2382 1387 2414 20
1414 2389 1504 2425 ergo

119 2435 164 2469 ut
188 2433 277 2469 LN
285 2433 376 2470 VM
381 2433 422 2478 T,
450 2442 590 2479 ergone
619 2433 649 2468 C
663 2433 676 2477 ss
