<?xml version="1.0" encoding="UTF-8"?>
<!DOCTYPE html PUBLIC "-//W3C//DTD XHTML 1.0 Transitional//EN"
    "http://www.w3.org/TR/xhtml1/DTD/xhtml1-transitional.dtd">
<html xmlns="http://www.w3.org/1999/xhtml" xml:lang="en" lang="en">
 <head>
  <title>
</title>
<meta http-equiv="Content-Type" content="text/html;charset=utf-8" />
  <meta name='ocr-system' content='tesseract 3.04.00' />
  <meta name='ocr-capabilities' content='ocr_page ocr_carea ocr_par ocr_line ocrx_word'/>
</head>
<body>
  <div class='ocr_page' id='page_1' title='image "./csolliusapollina00sidouoft_0234.png"; bbox 0 0 1592 2612; ppageno 0'>
   <div class='ocr_carea' id='block_1_1' title="bbox 117 127 1010 175">
    <p class='ocr_par' dir='ltr' id='par_1_1' title="bbox 117 127 1010 175">
     <span class='ocr_line' id='line_1_1' title="bbox 117 127 1010 175; baseline 0 -9"><span class='ocrx_word' id='word_1_1' title='bbox 117 131 204 175; x_wconf 81' lang='lat'>182</span> <span class='ocrx_word' id='word_1_2' title='bbox 599 129 746 165; x_wconf 70' lang='lat' dir='ltr'>menn</span> <span class='ocrx_word' id='word_1_3' title='bbox 772 127 1010 166; x_wconf 76' lang='lat' dir='ltr'>OCTAVUS.</span> 
     </span>
    </p>
   </div>
   <div class='ocr_carea' id='block_1_2' title="bbox 79 228 1499 647">
    <p class='ocr_par' dir='ltr' id='par_1_2' title="bbox 79 228 1499 647">
     <span class='ocr_line' id='line_1_2' title="bbox 114 228 1497 286; baseline -0.004 -12"><span class='ocrx_word' id='word_1_4' title='bbox 114 234 164 274; x_wconf 89' lang='lat' dir='ltr'>de</span> <span class='ocrx_word' id='word_1_5' title='bbox 196 231 548 286; x_wconf 80' lang='lat' dir='ltr'>peregrinantibus</span> <span class='ocrx_word' id='word_1_6' title='bbox 581 232 734 285; x_wconf 87' lang='lat' dir='ltr'>amicis,</span> <span class='ocrx_word' id='word_1_7' title='bbox 767 232 915 284; x_wconf 83' lang='lat' dir='ltr'>quippe</span> <span class='ocrx_word' id='word_1_8' title='bbox 944 241 1045 283; x_wconf 91' lang='lat' dir='ltr'>quos</span> <span class='ocrx_word' id='word_1_9' title='bbox 1071 228 1264 270; x_wconf 88' lang='lat' dir='ltr'>bellicum</span> <span class='ocrx_word' id='word_1_10' title='bbox 1289 228 1497 270; x_wconf 87' lang='lat' dir='ltr'>militaris-</span> 
     </span>
     <span class='ocr_line' id='line_1_3' title="bbox 115 289 1499 347; baseline -0.002 -13"><span class='ocrx_word' id='word_1_11' title='bbox 115 306 193 347; x_wconf 88' lang='lat' dir='ltr'>que</span> <span class='ocrx_word' id='word_1_12' title='bbox 225 298 378 333; x_wconf 86' lang='lat' dir='ltr'>tessera</span> <span class='ocrx_word' id='word_1_13' title='bbox 415 293 528 345; x_wconf 90' lang='lat' dir='ltr'>terit,</span> <span class='ocrx_word' id='word_1_14' title='bbox 573 291 701 332; x_wconf 91' lang='lat' dir='ltr'>donec</span> <span class='ocrx_word' id='word_1_15' title='bbox 741 290 917 332; x_wconf 86' lang='lat' dir='ltr'>secunda</span> <span class='ocrx_word' id='word_1_16' title='bbox 955 302 1174 344; x_wconf 77' lang='lat' dir='ltr'>cognosce,</span> <span class='ocrx_word' id='word_1_17' title='bbox 1217 302 1300 331; x_wconf 90' lang='lat' dir='ltr'>non</span> <span class='ocrx_word' id='word_1_18' title='bbox 1332 289 1499 332; x_wconf 85' lang='lat' dir='ltr'>adversa</span> 
     </span>
     <span class='ocr_line' id='line_1_4' title="bbox 114 350 1497 405; baseline -0.002 -11"><span class='ocrx_word' id='word_1_19' title='bbox 114 352 338 394; x_wconf 87' lang='lat' dir='ltr'>formidem.</span> <span class='ocrx_word' id='word_1_20' title='bbox 404 350 470 393; x_wconf 85' lang='lat'>18.</span> <span class='ocrx_word' id='word_1_21' title='bbox 503 351 723 392; x_wconf 89' lang='lat' dir='ltr'>Varronem</span> <span class='ocrx_word' id='word_1_22' title='bbox 761 351 1057 405; x_wconf 81' lang='lat' dir='ltr'>logistoricum,</span> <span class='ocrx_word' id='word_1_23' title='bbox 1095 352 1202 391; x_wconf 91' lang='lat' dir='ltr'>sicut</span> <span class='ocrx_word' id='word_1_24' title='bbox 1239 363 1497 405; x_wconf 84' lang='lat' dir='ltr'>poposceras,</span> 
     </span>
     <span class='ocr_line' id='line_1_5' title="bbox 114 411 1498 466; baseline -0.001 -12"><span class='ocrx_word' id='word_1_25' title='bbox 114 420 155 454; x_wconf 91' lang='lat' dir='ltr'>et</span> <span class='ocrx_word' id='word_1_26' title='bbox 186 413 405 454; x_wconf 89' lang='lat' dir='ltr'>Eusebium</span> <span class='ocrx_word' id='word_1_27' title='bbox 436 412 786 465; x_wconf 86' lang='lat' dir='ltr'>chronographum</span> <span class='ocrx_word' id='word_1_28' title='bbox 818 413 928 466; x_wconf 82' lang='lat' dir='ltr'>misi3</span> <span class='ocrx_word' id='word_1_29' title='bbox 968 423 1143 464; x_wconf 89' lang='lat' dir='ltr'>quorum</span> <span class='ocrx_word' id='word_1_30' title='bbox 1175 412 1211 451; x_wconf 88' lang='lat' dir='ltr'>si</span> <span class='ocrx_word' id='word_1_31' title='bbox 1248 411 1299 452; x_wconf 86' lang='lat' dir='ltr'>ad</span> <span class='ocrx_word' id='word_1_32' title='bbox 1329 416 1370 452; x_wconf 87' lang='lat' dir='ltr'>te</span> <span class='ocrx_word' id='word_1_33' title='bbox 1401 411 1498 452; x_wconf 84' lang='lat' dir='ltr'>lima</span> 
     </span>
     <span class='ocr_line' id='line_1_6' title="bbox 79 471 1498 527; baseline 0 -15"><span class='ocrx_word' id='word_1_34' title='bbox 79 485 96 512; x_wconf 88' lang='lat'><strong>5</strong></span> <span class='ocrx_word' id='word_1_35' title='bbox 114 474 356 527; x_wconf 89' lang='lat' dir='ltr'>pervenerit,</span> <span class='ocrx_word' id='word_1_36' title='bbox 386 474 420 512; x_wconf 92' lang='lat' dir='ltr'>si</span> <span class='ocrx_word' id='word_1_37' title='bbox 447 472 543 525; x_wconf 92' lang='lat' dir='ltr'>quid</span> <span class='ocrx_word' id='word_1_38' title='bbox 569 474 676 514; x_wconf 89' lang='lat' dir='ltr'>inter</span> <span class='ocrx_word' id='word_1_39' title='bbox 702 471 932 513; x_wconf 83' lang='lat' dir='ltr'>excubiales</span> <span class='ocrx_word' id='word_1_40' title='bbox 959 484 1091 526; x_wconf 89' lang='lat' dir='ltr'>curas,</span> <span class='ocrx_word' id='word_1_41' title='bbox 1116 476 1255 525; x_wconf 87' lang='lat' dir='ltr'>utpote</span> <span class='ocrx_word' id='word_1_42' title='bbox 1275 473 1319 512; x_wconf 88' lang='lat' dir='ltr'>in</span> <span class='ocrx_word' id='word_1_43' title='bbox 1339 473 1498 526; x_wconf 86' lang='lat' dir='ltr'>castris,</span> 
     </span>
     <span class='ocr_line' id='line_1_7' title="bbox 113 531 1498 587; baseline -0.001 -13"><span class='ocrx_word' id='word_1_44' title='bbox 113 534 245 574; x_wconf 91' lang='lat' dir='ltr'>saltim</span> <span class='ocrx_word' id='word_1_45' title='bbox 277 534 417 573; x_wconf 88' lang='lat' dir='ltr'>sortito</span> <span class='ocrx_word' id='word_1_46' title='bbox 450 532 621 587; x_wconf 87' lang='lat' dir='ltr'>vacabis,</span> <span class='ocrx_word' id='word_1_47' title='bbox 658 535 825 587; x_wconf 89' lang='lat' dir='ltr'>poteris,</span> <span class='ocrx_word' id='word_1_48' title='bbox 863 537 1079 585; x_wconf 86' lang='lat' dir='ltr'>postquam</span> <span class='ocrx_word' id='word_1_49' title='bbox 1116 544 1227 573; x_wconf 85' lang='lat' dir='ltr'>arma</span> <span class='ocrx_word' id='word_1_50' title='bbox 1263 531 1498 587; x_wconf 85' lang='lat' dir='ltr'>deterseris,</span> 
     </span>
     <span class='ocr_line' id='line_1_8' title="bbox 113 592 1411 647; baseline 0 -13"><span class='ocrx_word' id='word_1_51' title='bbox 113 596 173 634; x_wconf 93' lang='lat' dir='ltr'>ori</span> <span class='ocrx_word' id='word_1_52' title='bbox 205 606 364 647; x_wconf 85' lang='lat' dir='ltr'>quoque</span> <span class='ocrx_word' id='word_1_53' title='bbox 396 598 466 633; x_wconf 91' lang='lat' dir='ltr'>tuo</span> <span class='ocrx_word' id='word_1_54' title='bbox 498 593 692 646; x_wconf 90' lang='lat' dir='ltr'>loquendi</span> <span class='ocrx_word' id='word_1_55' title='bbox 724 593 952 647; x_wconf 88' lang='lat' dir='ltr'>robiginem</span> <span class='ocrx_word' id='word_1_56' title='bbox 985 605 1251 634; x_wconf 90' lang='lat' dir='ltr'>summovere.</span> <span class='ocrx_word' id='word_1_57' title='bbox 1314 592 1411 634; x_wconf 82' lang='lat' dir='ltr'>vale.</span> 
     </span>
    </p>
   </div>
   <div class='ocr_carea' id='block_1_3' title="bbox 383 747 1218 868">
    <p class='ocr_par' dir='ltr' id='par_1_3' title="bbox 383 747 1218 868">
     <span class='ocr_line' id='line_1_9' title="bbox 750 747 849 791; baseline 0 0"><span class='ocrx_word' id='word_1_58' title='bbox 750 747 849 791; x_wconf 87' lang='lat' dir='ltr'>VII.</span> 
     </span>
     <span class='ocr_line' id='line_1_10' title="bbox 383 829 1218 868; baseline 0.001 -1"><span class='ocrx_word' id='word_1_59' title='bbox 383 830 612 867; x_wconf 85' lang='lat' dir='ltr'>SIDONIUS</span> <span class='ocrx_word' id='word_1_60' title='bbox 637 830 824 867; x_wconf 91' lang='lat' dir='ltr'>AUDACI</span> <span class='ocrx_word' id='word_1_61' title='bbox 850 829 943 868; x_wconf 88' lang='lat' dir='ltr'>SUO</span> <span class='ocrx_word' id='word_1_62' title='bbox 971 829 1218 868; x_wconf 86' lang='lat' dir='ltr'><strong>SALUTEM.</strong></span> 
     </span>
    </p>
   </div>
   <div class='ocr_carea' id='block_1_4' title="bbox 53 906 1494 2111">
    <p class='ocr_par' dir='ltr' id='par_1_4' title="bbox 202 906 1489 963">
     <span class='ocr_line' id='line_1_11' title="bbox 202 906 1489 963; baseline 0 -15"><span class='ocrx_word' id='word_1_63' title='bbox 202 906 238 948; x_wconf 88' lang='lat'>1.</span> <span class='ocrx_word' id='word_1_64' title='bbox 270 907 440 948; x_wconf 91' lang='lat' dir='ltr'>Ubinam</span> <span class='ocrx_word' id='word_1_65' title='bbox 474 921 516 948; x_wconf 88' lang='lat' dir='ltr'>se</span> <span class='ocrx_word' id='word_1_66' title='bbox 549 920 669 962; x_wconf 88' lang='lat' dir='ltr'>nunc,</span> <span class='ocrx_word' id='word_1_67' title='bbox 701 907 821 947; x_wconf 86' lang='lat' dir='ltr'>velim</span> <span class='ocrx_word' id='word_1_68' title='bbox 853 907 976 962; x_wconf 88' lang='lat' dir='ltr'>dicas,</span> <span class='ocrx_word' id='word_1_69' title='bbox 1009 909 1191 961; x_wconf 89' lang='lat' dir='ltr'>gentium</span> <span class='ocrx_word' id='word_1_70' title='bbox 1223 907 1489 963; x_wconf 89' lang='lat' dir='ltr'>abscondunt,</span> 
     </span>
    </p>

    <p class='ocr_par' dir='ltr' id='par_1_5' title="bbox 53 967 1494 2111">
     <span class='ocr_line' id='line_1_12' title="bbox 55 967 1494 1022; baseline 0.002 -16"><span class='ocrx_word' id='word_1_71' title='bbox 55 980 90 1005; x_wconf 76' lang='grc' dir='ltr'>ιο</span> <span class='ocrx_word' id='word_1_72' title='bbox 110 970 179 1021; x_wconf 91' lang='lat' dir='ltr'>qui</span> <span class='ocrx_word' id='word_1_73' title='bbox 211 981 329 1021; x_wconf 88' lang='lat' dir='ltr'>saepe</span> <span class='ocrx_word' id='word_1_74' title='bbox 357 968 437 1008; x_wconf 91' lang='lat' dir='ltr'>sibi</span> <span class='ocrx_word' id='word_1_75' title='bbox 463 968 511 1008; x_wconf 88' lang='lat' dir='ltr'>de</span> <span class='ocrx_word' id='word_1_76' title='bbox 538 967 712 1008; x_wconf 89' lang='lat' dir='ltr'>molibus</span> <span class='ocrx_word' id='word_1_77' title='bbox 739 968 974 1009; x_wconf 84' lang='lat' dir='ltr'>facultatum</span> <span class='ocrx_word' id='word_1_78' title='bbox 1001 973 1336 1021; x_wconf 85' lang='lat' dir='ltr'>congregatarum</span> <span class='ocrx_word' id='word_1_79' title='bbox 1362 968 1494 1022; x_wconf 89' lang='lat' dir='ltr'>deque</span> 
     </span>
     <span class='ocr_line' id='line_1_13' title="bbox 107 1026 1491 1082; baseline 0.001 -14"><span class='ocrx_word' id='word_1_80' title='bbox 107 1030 310 1082; x_wconf 88' lang='lat' dir='ltr'>congestis</span> <span class='ocrx_word' id='word_1_81' title='bbox 342 1030 422 1068; x_wconf 91' lang='lat' dir='ltr'>iam</span> <span class='ocrx_word' id='word_1_82' title='bbox 452 1030 721 1081; x_wconf 87' lang='lat' dir='ltr'>nigrescentis</span> <span class='ocrx_word' id='word_1_83' title='bbox 754 1031 912 1081; x_wconf 87' lang='lat' dir='ltr'>argenti</span> <span class='ocrx_word' id='word_1_84' title='bbox 939 1028 1120 1069; x_wconf 88' lang='lat' dir='ltr'>struibus</span> <span class='ocrx_word' id='word_1_85' title='bbox 1147 1026 1491 1070; x_wconf 81' lang='lat' dir='ltr'>blandiebantur?</span> 
     </span>
     <span class='ocr_line' id='line_1_14' title="bbox 107 1087 1492 1143; baseline 0.001 -14"><span class='ocrx_word' id='word_1_86' title='bbox 107 1089 178 1129; x_wconf 90' lang='lat' dir='ltr'>ubi</span> <span class='ocrx_word' id='word_1_87' title='bbox 209 1090 329 1129; x_wconf 90' lang='lat' dir='ltr'>etiam</span> <span class='ocrx_word' id='word_1_88' title='bbox 360 1087 523 1129; x_wconf 91' lang='lat' dir='ltr'>illorum</span> <span class='ocrx_word' id='word_1_89' title='bbox 555 1091 843 1143; x_wconf 88' lang='lat' dir='ltr'>praerogativa,</span> <span class='ocrx_word' id='word_1_90' title='bbox 875 1091 946 1142; x_wconf 94' lang='lat' dir='ltr'>qui</span> <span class='ocrx_word' id='word_1_91' title='bbox 978 1094 1118 1130; x_wconf 86' lang='lat' dir='ltr'>contra</span> <span class='ocrx_word' id='word_1_92' title='bbox 1149 1089 1328 1130; x_wconf 88' lang='lat' dir='ltr'>indolem</span> <span class='ocrx_word' id='word_1_93' title='bbox 1358 1091 1492 1130; x_wconf 90' lang='lat' dir='ltr'>iunio-</span> 
     </span>
     <span class='ocr_line' id='line_1_15' title="bbox 107 1147 1488 1203; baseline 0.001 -14"><span class='ocrx_word' id='word_1_94' title='bbox 107 1162 199 1189; x_wconf 88' lang='lat' dir='ltr'>rum</span> <span class='ocrx_word' id='word_1_95' title='bbox 239 1149 322 1189; x_wconf 89' lang='lat' dir='ltr'>sola</span> <span class='ocrx_word' id='word_1_96' title='bbox 363 1151 572 1190; x_wconf 90' lang='lat' dir='ltr'>occasione</span> <span class='ocrx_word' id='word_1_97' title='bbox 617 1150 899 1203; x_wconf 90' lang='lat' dir='ltr'>praecedentis</span> <span class='ocrx_word' id='word_1_98' title='bbox 943 1152 1086 1190; x_wconf 88' lang='lat' dir='ltr'>aetatis</span> <span class='ocrx_word' id='word_1_99' title='bbox 1131 1147 1488 1191; x_wconf 78' lang='lat' dir='ltr'>intumescebant?</span> 
     </span>
     <span class='ocr_line' id='line_1_16' title="bbox 107 1209 1493 1264; baseline 0.001 -15"><span class='ocrx_word' id='word_1_100' title='bbox 107 1209 178 1249; x_wconf 92' lang='lat' dir='ltr'>ubi</span> <span class='ocrx_word' id='word_1_101' title='bbox 210 1214 304 1250; x_wconf 90' lang='lat' dir='ltr'>sunt</span> <span class='ocrx_word' id='word_1_102' title='bbox 335 1209 406 1264; x_wconf 93' lang='lat' dir='ltr'>illi,</span> <span class='ocrx_word' id='word_1_103' title='bbox 439 1222 611 1262; x_wconf 90' lang='lat' dir='ltr'>quorum</span> <span class='ocrx_word' id='word_1_104' title='bbox 642 1211 816 1251; x_wconf 86' lang='lat' dir='ltr'>affinitas</span> <span class='ocrx_word' id='word_1_105' title='bbox 843 1210 953 1251; x_wconf 91' lang='lat' dir='ltr'>nullo</span> <span class='ocrx_word' id='word_1_106' title='bbox 986 1210 1137 1251; x_wconf 91' lang='lat' dir='ltr'>indicio</span> <span class='ocrx_word' id='word_1_107' title='bbox 1163 1212 1317 1251; x_wconf 89' lang='lat' dir='ltr'>maiore</span> <span class='ocrx_word' id='word_1_108' title='bbox 1345 1223 1493 1263; x_wconf 89' lang='lat' dir='ltr'>cogno-</span> 
     </span>
     <span class='ocr_line' id='line_1_17' title="bbox 59 1268 1493 1326; baseline 0.001 -17"><span class='ocrx_word' id='word_1_109' title='bbox 59 1280 92 1307; x_wconf 80' lang='lat'>15</span> <span class='ocrx_word' id='word_1_110' title='bbox 112 1272 239 1310; x_wconf 91' lang='lat' dir='ltr'>scitur</span> <span class='ocrx_word' id='word_1_111' title='bbox 265 1283 384 1323; x_wconf 88' lang='lat' dir='ltr'>quam</span> <span class='ocrx_word' id='word_1_112' title='bbox 411 1268 642 1311; x_wconf 57' lang='lat' dir='ltr'>simultate}&gt;</span> <span class='ocrx_word' id='word_1_113' title='bbox 674 1284 832 1326; x_wconf 90' lang='lat' dir='ltr'>nempe,</span> <span class='ocrx_word' id='word_1_114' title='bbox 864 1283 957 1312; x_wconf 85' lang='lat' dir='ltr'>eum</span> <span class='ocrx_word' id='word_1_115' title='bbox 983 1272 1161 1324; x_wconf 91' lang='lat' dir='ltr'>primum</span> <span class='ocrx_word' id='word_1_116' title='bbox 1185 1271 1304 1312; x_wconf 90' lang='lat' dir='ltr'>bonis</span> <span class='ocrx_word' id='word_1_117' title='bbox 1336 1271 1493 1312; x_wconf 88' lang='lat' dir='ltr'>actibus</span> 
     </span>
     <span class='ocr_line' id='line_1_18' title="bbox 107 1329 1493 1385; baseline 0.001 -15"><span class='ocrx_word' id='word_1_118' title='bbox 107 1329 219 1370; x_wconf 89' lang='lat' dir='ltr'>locus</span> <span class='ocrx_word' id='word_1_119' title='bbox 261 1335 301 1370; x_wconf 91' lang='lat' dir='ltr'>et</span> <span class='ocrx_word' id='word_1_120' title='bbox 341 1331 389 1370; x_wconf 89' lang='lat' dir='ltr'>ad</span> <span class='ocrx_word' id='word_1_121' title='bbox 430 1333 623 1371; x_wconf 86' lang='lat' dir='ltr'>trutinam</span> <span class='ocrx_word' id='word_1_122' title='bbox 667 1332 810 1372; x_wconf 90' lang='lat' dir='ltr'>iudicii</span> <span class='ocrx_word' id='word_1_123' title='bbox 847 1331 1084 1385; x_wconf 89' lang='lat' dir='ltr'>principalis</span> <span class='ocrx_word' id='word_1_124' title='bbox 1118 1344 1295 1385; x_wconf 88' lang='lat' dir='ltr'>appensa</span> <span class='ocrx_word' id='word_1_125' title='bbox 1327 1331 1493 1372; x_wconf 88' lang='lat' dir='ltr'>tandem</span> 
     </span>
     <span class='ocr_line' id='line_1_19' title="bbox 107 1391 1494 1447; baseline 0.001 -17"><span class='ocrx_word' id='word_1_126' title='bbox 107 1403 189 1430; x_wconf 90' lang='lat' dir='ltr'>non</span> <span class='ocrx_word' id='word_1_127' title='bbox 232 1403 490 1431; x_wconf 89' lang='lat' dir='ltr'>nummorum</span> <span class='ocrx_word' id='word_1_128' title='bbox 534 1391 636 1432; x_wconf 89' lang='lat' dir='ltr'>libra</span> <span class='ocrx_word' id='word_1_129' title='bbox 682 1393 752 1433; x_wconf 92' lang='lat' dir='ltr'>sed</span> <span class='ocrx_word' id='word_1_130' title='bbox 796 1405 974 1447; x_wconf 75' lang='lat' dir='ltr'>morum,</span> <span class='ocrx_word' id='word_1_131' title='bbox 1018 1405 1251 1433; x_wconf 89' lang='lat' dir='ltr'>remansere</span> <span class='ocrx_word' id='word_1_132' title='bbox 1295 1391 1377 1447; x_wconf 92' lang='lat' dir='ltr'>illi,</span> <span class='ocrx_word' id='word_1_133' title='bbox 1422 1394 1494 1446; x_wconf 90' lang='lat' dir='ltr'>qui</span> 
     </span>
     <span class='ocr_line' id='line_1_20' title="bbox 107 1451 1491 1505; baseline 0.002 -15"><span class='ocrx_word' id='word_1_134' title='bbox 107 1451 397 1503; x_wconf 89' lang='lat' dir='ltr'>superbissime</span> <span class='ocrx_word' id='word_1_135' title='bbox 440 1452 706 1505; x_wconf 84' lang='lat' dir='ltr'>opinabantur</span> <span class='ocrx_word' id='word_1_136' title='bbox 748 1453 833 1493; x_wconf 90' lang='lat' dir='ltr'>solo</span> <span class='ocrx_word' id='word_1_137' title='bbox 876 1465 920 1493; x_wconf 88' lang='lat' dir='ltr'>se</span> <span class='ocrx_word' id='word_1_138' title='bbox 962 1465 1088 1494; x_wconf 89' lang='lat' dir='ltr'>censu</span> <span class='ocrx_word' id='word_1_139' title='bbox 1130 1465 1221 1493; x_wconf 91' lang='lat' dir='ltr'>esse</span> <span class='ocrx_word' id='word_1_140' title='bbox 1263 1452 1491 1494; x_wconf 89' lang='lat' dir='ltr'>censendos</span> 
     </span>
     <span class='ocr_line' id='line_1_21' title="bbox 107 1513 1494 1564; baseline 0.002 -13"><span class='ocrx_word' id='word_1_141' title='bbox 107 1513 257 1564; x_wconf 89' lang='lat' dir='ltr'>quique</span> <span class='ocrx_word' id='word_1_142' title='bbox 303 1513 361 1552; x_wconf 87' lang='lat' dir='ltr'>sic</span> <span class='ocrx_word' id='word_1_143' title='bbox 402 1514 509 1552; x_wconf 91' lang='lat' dir='ltr'>vitiis</span> <span class='ocrx_word' id='word_1_144' title='bbox 551 1518 595 1553; x_wconf 91' lang='lat' dir='ltr'>ut</span> <span class='ocrx_word' id='word_1_145' title='bbox 637 1513 788 1554; x_wconf 91' lang='lat' dir='ltr'>divitiis</span> <span class='ocrx_word' id='word_1_146' title='bbox 836 1513 1076 1554; x_wconf 87' lang='lat' dir='ltr'>incubantes</span> <span class='ocrx_word' id='word_1_147' title='bbox 1121 1513 1262 1554; x_wconf 88' lang='lat' dir='ltr'>volunt</span> <span class='ocrx_word' id='word_1_148' title='bbox 1304 1514 1494 1554; x_wconf 87' lang='lat' dir='ltr'>vanitatis</span> 
     </span>
     <span class='ocr_line' id='line_1_22' title="bbox 58 1569 1494 1628; baseline 0.003 -18"><span class='ocrx_word' id='word_1_149' title='bbox 58 1584 94 1610; x_wconf 85' lang='lat'>20</span> <span class='ocrx_word' id='word_1_150' title='bbox 116 1571 244 1611; x_wconf 88' lang='lat' dir='ltr'>videri</span> <span class='ocrx_word' id='word_1_151' title='bbox 276 1572 445 1612; x_wconf 86' lang='lat' dir='ltr'>alienam</span> <span class='ocrx_word' id='word_1_152' title='bbox 478 1575 704 1614; x_wconf 84' lang='lat' dir='ltr'>surrexisse</span> <span class='ocrx_word' id='word_1_153' title='bbox 730 1586 958 1628; x_wconf 90' lang='lat' dir='ltr'>personam,</span> <span class='ocrx_word' id='word_1_154' title='bbox 984 1587 1076 1614; x_wconf 90' lang='lat' dir='ltr'>cum</span> <span class='ocrx_word' id='word_1_155' title='bbox 1102 1574 1234 1614; x_wconf 89' lang='lat' dir='ltr'>nolint</span> <span class='ocrx_word' id='word_1_156' title='bbox 1259 1569 1494 1627; x_wconf 78' lang='lat' dir='ltr'>cupiditatis</span> 
     </span>
     <span class='ocr_line' id='line_1_23' title="bbox 105 1634 1491 1688; baseline 0.003 -17"><span class='ocrx_word' id='word_1_157' title='bbox 105 1634 238 1672; x_wconf 91' lang='lat' dir='ltr'>notari</span> <span class='ocrx_word' id='word_1_158' title='bbox 278 1645 391 1672; x_wconf 88' lang='lat' dir='ltr'>suam</span> <span class='ocrx_word' id='word_1_159' title='bbox 431 1635 608 1674; x_wconf 89' lang='lat' dir='ltr'>crevisse</span> <span class='ocrx_word' id='word_1_160' title='bbox 655 1634 932 1675; x_wconf 84' lang='lat' dir='ltr'>substantiam.</span> <span class='ocrx_word' id='word_1_161' title='bbox 989 1636 1031 1675; x_wconf 92' lang='lat' dir='ltr'>in</span> <span class='ocrx_word' id='word_1_162' title='bbox 1072 1647 1150 1688; x_wconf 88' lang='lat' dir='ltr'>qua</span> <span class='ocrx_word' id='word_1_163' title='bbox 1190 1639 1326 1675; x_wconf 86' lang='lat' dir='ltr'>tamen</span> <span class='ocrx_word' id='word_1_164' title='bbox 1359 1634 1491 1675; x_wconf 85' lang='lat' dir='ltr'>detra·</span> 
     </span>
     <span class='ocr_line' id='line_1_24' title="bbox 106 1692 1491 1748; baseline 0.002 -17"><span class='ocrx_word' id='word_1_165' title='bbox 106 1692 228 1732; x_wconf 89' lang='lat' dir='ltr'>hendi</span> <span class='ocrx_word' id='word_1_166' title='bbox 276 1693 474 1745; x_wconf 87' lang='lat' dir='ltr'>palaestra</span> <span class='ocrx_word' id='word_1_167' title='bbox 524 1696 733 1735; x_wconf 82' lang='lat' dir='ltr'>exercitati</span> <span class='ocrx_word' id='word_1_168' title='bbox 776 1700 983 1748; x_wconf 89' lang='lat' dir='ltr'>tamquam</span> <span class='ocrx_word' id='word_1_169' title='bbox 1026 1708 1101 1748; x_wconf 90' lang='lat' dir='ltr'>per</span> <span class='ocrx_word' id='word_1_170' title='bbox 1146 1694 1281 1735; x_wconf 91' lang='lat' dir='ltr'>oleum</span> <span class='ocrx_word' id='word_1_171' title='bbox 1320 1696 1378 1735; x_wconf 90' lang='lat' dir='ltr'>sic</span> <span class='ocrx_word' id='word_1_172' title='bbox 1416 1707 1491 1748; x_wconf 89' lang='lat' dir='ltr'>per</span> 
     </span>
     <span class='ocr_line' id='line_1_25' title="bbox 105 1753 1493 1796; baseline 0.002 -4"><span class='ocrx_word' id='word_1_173' title='bbox 105 1753 236 1793; x_wconf 90' lang='lat' dir='ltr'>infusa</span> <span class='ocrx_word' id='word_1_174' title='bbox 268 1753 581 1794; x_wconf 89' lang='lat' dir='ltr'>aemulationum</span> <span class='ocrx_word' id='word_1_175' title='bbox 607 1767 761 1796; x_wconf 89' lang='lat' dir='ltr'>venena</span> <span class='ocrx_word' id='word_1_176' title='bbox 785 1760 1053 1796; x_wconf 88' lang='lat' dir='ltr'>macerantur.</span> <span class='ocrx_word' id='word_1_177' title='bbox 1107 1753 1147 1796; x_wconf 85' lang='lat'>3.</span> <span class='ocrx_word' id='word_1_178' title='bbox 1179 1760 1225 1795; x_wconf 94' lang='lat' dir='ltr'>tu</span> <span class='ocrx_word' id='word_1_179' title='bbox 1255 1767 1351 1795; x_wconf 87' lang='lat' dir='ltr'>vero</span> <span class='ocrx_word' id='word_1_180' title='bbox 1384 1756 1493 1795; x_wconf 90' lang='lat' dir='ltr'>inter</span> 
     </span>
     <span class='ocr_line' id='line_1_26' title="bbox 104 1812 1492 1870; baseline 0.003 -18"><span class='ocrx_word' id='word_1_181' title='bbox 104 1812 203 1852; x_wconf 89' lang='lat' dir='ltr'>haec</span> <span class='ocrx_word' id='word_1_182' title='bbox 235 1821 381 1868; x_wconf 86' lang='lat' dir='ltr'>macte,</span> <span class='ocrx_word' id='word_1_183' title='bbox 421 1816 491 1867; x_wconf 94' lang='lat' dir='ltr'>qui</span> <span class='ocrx_word' id='word_1_184' title='bbox 522 1816 798 1867; x_wconf 88' lang='lat' dir='ltr'>praefecturae</span> <span class='ocrx_word' id='word_1_185' title='bbox 830 1816 959 1857; x_wconf 88' lang='lat' dir='ltr'>titulis</span> <span class='ocrx_word' id='word_1_186' title='bbox 993 1816 1226 1870; x_wconf 89' lang='lat' dir='ltr'>ampliatus,</span> <span class='ocrx_word' id='word_1_187' title='bbox 1271 1815 1368 1856; x_wconf 87' lang='lat' dir='ltr'>licet</span> <span class='ocrx_word' id='word_1_188' title='bbox 1397 1815 1492 1856; x_wconf 89' lang='lat' dir='ltr'>hac-</span> 
     </span>
     <span class='ocr_line' id='line_1_27' title="bbox 53 1875 1491 1931; baseline 0.003 -20"><span class='ocrx_word' id='word_1_189' title='bbox 53 1884 87 1911; x_wconf 76' lang='grc'>25</span> <span class='ocrx_word' id='word_1_190' title='bbox 106 1877 225 1913; x_wconf 89' lang='lat' dir='ltr'>tenus</span> <span class='ocrx_word' id='word_1_191' title='bbox 259 1886 280 1913; x_wconf 94' lang='lat' dir='ltr'>e</span> <span class='ocrx_word' id='word_1_192' title='bbox 312 1876 499 1927; x_wconf 87' lang='lat' dir='ltr'>prosapia</span> <span class='ocrx_word' id='word_1_193' title='bbox 530 1875 693 1916; x_wconf 91' lang='lat' dir='ltr'>inlustri</span> <span class='ocrx_word' id='word_1_194' title='bbox 725 1882 1025 1931; x_wconf 86' lang='lat' dir='ltr'>computarere,</span> <span class='ocrx_word' id='word_1_195' title='bbox 1065 1876 1328 1930; x_wconf 88' lang='lat' dir='ltr'>peculiariter</span> <span class='ocrx_word' id='word_1_196' title='bbox 1364 1875 1491 1916; x_wconf 92' lang='lat' dir='ltr'>nihilo</span> 
     </span>
     <span class='ocr_line' id='line_1_28' title="bbox 109 1933 1491 1990; baseline 0.003 -18"><span class='ocrx_word' id='word_1_197' title='bbox 109 1935 272 1986; x_wconf 86' lang='lat' dir='ltr'>segnius</span> <span class='ocrx_word' id='word_1_198' title='bbox 307 1933 538 1989; x_wconf 86' lang='lat' dir='ltr'>elaborasti,</span> <span class='ocrx_word' id='word_1_199' title='bbox 571 1941 616 1975; x_wconf 91' lang='lat' dir='ltr'>ut</span> <span class='ocrx_word' id='word_1_200' title='bbox 648 1949 670 1976; x_wconf 93' lang='lat' dir='ltr'>a</span> <span class='ocrx_word' id='word_1_201' title='bbox 701 1942 740 1977; x_wconf 87' lang='lat' dir='ltr'>te</span> <span class='ocrx_word' id='word_1_202' title='bbox 774 1937 991 1990; x_wconf 88' lang='lat' dir='ltr'>gloriosius</span> <span class='ocrx_word' id='word_1_203' title='bbox 1023 1938 1179 1990; x_wconf 91' lang='lat' dir='ltr'>posteri</span> <span class='ocrx_word' id='word_1_204' title='bbox 1210 1938 1272 1977; x_wconf 92' lang='lat' dir='ltr'>tui</span> <span class='ocrx_word' id='word_1_205' title='bbox 1303 1948 1491 1977; x_wconf 79' lang='lat' dir='ltr'>numera-</span> 
     </span>
     <span class='ocr_line' id='line_1_29' title="bbox 106 1994 1491 2050; baseline 0.004 -18"><span class='ocrx_word' id='word_1_206' title='bbox 106 1998 259 2034; x_wconf 90' lang='lat' dir='ltr'>rentur.</span> <span class='ocrx_word' id='word_1_207' title='bbox 322 1994 381 2034; x_wconf 92' lang='lat' dir='ltr'>nil</span> <span class='ocrx_word' id='word_1_208' title='bbox 422 1996 530 2035; x_wconf 90' lang='lat' dir='ltr'>enim</span> <span class='ocrx_word' id='word_1_209' title='bbox 572 2001 633 2036; x_wconf 90' lang='lat' dir='ltr'>est</span> <span class='ocrx_word' id='word_1_210' title='bbox 675 1996 743 2036; x_wconf 91' lang='lat' dir='ltr'>illo</span> <span class='ocrx_word' id='word_1_211' title='bbox 785 2010 859 2050; x_wconf 91' lang='lat' dir='ltr'>per</span> <span class='ocrx_word' id='word_1_212' title='bbox 892 1999 1134 2038; x_wconf 89' lang='lat' dir='ltr'>sententiam</span> <span class='ocrx_word' id='word_1_213' title='bbox 1166 1997 1263 2038; x_wconf 87' lang='lat' dir='ltr'>honi</span> <span class='ocrx_word' id='word_1_214' title='bbox 1294 1998 1491 2050; x_wconf 84' lang='lat' dir='ltr'>cuiusque</span> 
     </span>
     <span class='ocr_line' id='line_1_30' title="bbox 107 2056 1492 2111; baseline 0.003 -18"><span class='ocrx_word' id='word_1_215' title='bbox 107 2056 362 2108; x_wconf 87' lang='lat' dir='ltr'>generosius,</span> <span class='ocrx_word' id='word_1_216' title='bbox 406 2057 590 2108; x_wconf 89' lang='lat' dir='ltr'>quisquis</span> <span class='ocrx_word' id='word_1_217' title='bbox 636 2059 790 2109; x_wconf 85' lang='lat' dir='ltr'>ingenii</span> <span class='ocrx_word' id='word_1_218' title='bbox 835 2059 1018 2111; x_wconf 89' lang='lat' dir='ltr'>corporis</span> <span class='ocrx_word' id='word_1_219' title='bbox 1064 2070 1186 2111; x_wconf 92' lang='lat' dir='ltr'>opum</span> <span class='ocrx_word' id='word_1_220' title='bbox 1230 2059 1410 2098; x_wconf 90' lang='lat' dir='ltr'>iunctam</span> <span class='ocrx_word' id='word_1_221' title='bbox 1448 2059 1492 2097; x_wconf 91' lang='lat' dir='ltr'>in</span> 
     </span>
    </p>
   </div>
   <div class='ocr_carea' id='block_1_5' title="bbox 100 2169 1517 2460">
    <p class='ocr_par' dir='ltr' id='par_1_6' title="bbox 107 2169 1493 2222">
     <span class='ocr_line' id='line_1_31' title="bbox 107 2169 1493 2222; baseline 0.004 -19"><span class='ocrx_word' id='word_1_222' title='bbox 107 2180 269 2222; x_wconf 72' lang='lat' dir='ltr'>propero</span> <span class='ocrx_word' id='word_1_223' title='bbox 286 2169 317 2205; x_wconf 83' lang='lat' dir='ltr'><strong><em>G</em></strong></span> <span class='ocrx_word' id='word_1_224' title='bbox 333 2170 345 2215; x_wconf 87' lang='grc' dir='ltr'>ΙΙ</span> <span class='ocrx_word' id='word_1_225' title='bbox 367 2173 385 2205; x_wconf 91' lang='grc'>1</span> <span class='ocrx_word' id='word_1_226' title='bbox 412 2170 594 2206; x_wconf 89' lang='lat' dir='ltr'>bellicum</span> <span class='ocrx_word' id='word_1_227' title='bbox 614 2172 661 2218; x_wconf 87' lang='lat' dir='ltr'>L,</span> <span class='ocrx_word' id='word_1_228' title='bbox 687 2173 859 2211; x_wconf 80' lang='lat' dir='ltr'>bellica*</span> <span class='ocrx_word' id='word_1_229' title='bbox 885 2176 924 2220; x_wconf 80' lang='lat' dir='ltr'>(a</span> <span class='ocrx_word' id='word_1_230' title='bbox 949 2185 1056 2219; x_wconf 67' lang='lat' dir='ltr'>corr„</span> <span class='ocrx_word' id='word_1_231' title='bbox 1080 2186 1120 2209; x_wconf 89' lang='lat' dir='ltr'>m</span> <span class='ocrx_word' id='word_1_232' title='bbox 1138 2185 1231 2211; x_wconf 80' lang='lat' dir='ltr'>eras.</span> <span class='ocrx_word' id='word_1_233' title='bbox 1252 2173 1386 2219; x_wconf 84' lang='lat' dir='ltr'>N¹)N,</span> <span class='ocrx_word' id='word_1_234' title='bbox 1411 2172 1493 2208; x_wconf 84' lang='lat' dir='ltr'>bel-</span> 
     </span>
    </p>

    <p class='ocr_par' dir='ltr' id='par_1_7' title="bbox 107 2216 1491 2269">
     <span class='ocr_line' id='line_1_32' title="bbox 107 2216 1491 2269; baseline 0.005 -18"><span class='ocrx_word' id='word_1_235' title='bbox 107 2216 184 2251; x_wconf 79' lang='lat' dir='ltr'>lica</span> <span class='ocrx_word' id='word_1_236' title='bbox 204 2217 253 2252; x_wconf 90' lang='lat' dir='ltr'><em>M</em></span> <span class='ocrx_word' id='word_1_237' title='bbox 258 2217 328 2253; x_wconf 81' lang='lat' dir='ltr'>OT</span> <span class='ocrx_word' id='word_1_238' title='bbox 344 2220 355 2263; x_wconf 82' lang='grc' dir='ltr'>ΙΙ</span> <span class='ocrx_word' id='word_1_239' title='bbox 375 2221 396 2252; x_wconf 81' lang='grc'>2</span> <span class='ocrx_word' id='word_1_240' title='bbox 422 2220 569 2255; x_wconf 84' lang='lat' dir='ltr'>tessera</span> <span class='ocrx_word' id='word_1_241' title='bbox 594 2220 688 2256; x_wconf 78' lang='lat' dir='ltr'>terit</span> <span class='ocrx_word' id='word_1_242' title='bbox 711 2233 779 2259; x_wconf 87' lang='lat' dir='ltr'>om.</span> <span class='ocrx_word' id='word_1_243' title='bbox 800 2223 836 2258; x_wconf 87' lang='lat' dir='ltr'><strong><em>L</em></strong></span> <span class='ocrx_word' id='word_1_244' title='bbox 855 2224 868 2268; x_wconf 81' lang='grc' dir='ltr'>ΙΙ</span> <span class='ocrx_word' id='word_1_245' title='bbox 887 2226 908 2257; x_wconf 89' lang='grc'><strong>3</strong></span> <span class='ocrx_word' id='word_1_246' title='bbox 934 2222 1138 2259; x_wconf 84' lang='lat' dir='ltr'>formidem</span> <span class='ocrx_word' id='word_1_247' title='bbox 1157 2223 1234 2269; x_wconf 90' lang='lat' dir='ltr'>(em</span> <span class='ocrx_word' id='word_1_248' title='bbox 1252 2222 1297 2258; x_wconf 73' lang='lat' dir='ltr'>in</span> <span class='ocrx_word' id='word_1_249' title='bbox 1314 2233 1388 2258; x_wconf 84' lang='lat' dir='ltr'>ras.</span> <span class='ocrx_word' id='word_1_250' title='bbox 1411 2222 1491 2267; x_wconf 73' lang='lat' dir='ltr'>M1)</span> 
     </span>
    </p>

    <p class='ocr_par' dir='ltr' id='par_1_8' title="bbox 109 2264 1493 2318">
     <span class='ocr_line' id='line_1_33' title="bbox 109 2264 1493 2318; baseline 0.004 -17"><span class='ocrx_word' id='word_1_251' title='bbox 109 2264 243 2318; x_wconf 71' lang='lat' dir='ltr'>MOT,</span> <span class='ocrx_word' id='word_1_252' title='bbox 269 2265 513 2302; x_wconf 83' lang='lat' dir='ltr'>formidinem</span> <span class='ocrx_word' id='word_1_253' title='bbox 538 2268 574 2303; x_wconf 89' lang='lat' dir='ltr'><strong><em>L</em></strong></span> <span class='ocrx_word' id='word_1_254' title='bbox 592 2270 604 2312; x_wconf 84' lang='grc' dir='ltr'>ΙΙ</span> <span class='ocrx_word' id='word_1_255' title='bbox 625 2274 645 2305; x_wconf 87' lang='grc'><strong>6</strong></span> <span class='ocrx_word' id='word_1_256' title='bbox 673 2269 808 2306; x_wconf 77' lang='lat' dir='ltr'>sortito</span> <span class='ocrx_word' id='word_1_257' title='bbox 834 2271 878 2307; x_wconf 71' lang='lat' dir='ltr'>in</span> <span class='ocrx_word' id='word_1_258' title='bbox 901 2282 976 2307; x_wconf 75' lang='lat' dir='ltr'>ras.</span> <span class='ocrx_word' id='word_1_259' title='bbox 997 2271 1072 2315; x_wconf 84' lang='lat' dir='ltr'>M1‚</span> <span class='ocrx_word' id='word_1_260' title='bbox 1098 2269 1258 2306; x_wconf 75' lang='lat' dir='ltr'>fortuito</span> <span class='ocrx_word' id='word_1_261' title='bbox 1286 2270 1321 2306; x_wconf 80' lang='lat' dir='ltr'><strong><em>T</em></strong></span> <span class='ocrx_word' id='word_1_262' title='bbox 1337 2271 1415 2317; x_wconf 79' lang='lat'>{124</span> <span class='ocrx_word' id='word_1_263' title='bbox 1440 2281 1493 2306; x_wconf 81' lang='lat' dir='ltr'>an</span> 
     </span>
    </p>

    <p class='ocr_par' dir='ltr' id='par_1_9' title="bbox 106 2311 1492 2364">
     <span class='ocr_line' id='line_1_34' title="bbox 106 2311 1492 2364; baseline 0.004 -17"><span class='ocrx_word' id='word_1_264' title='bbox 106 2311 200 2348; x_wconf 79' lang='lat' dir='ltr'>hcet</span> <span class='ocrx_word' id='word_1_265' title='bbox 225 2314 287 2348; x_wconf 80' lang='lat' dir='ltr'>et‘?</span> <span class='ocrx_word' id='word_1_266' title='bbox 306 2315 318 2358; x_wconf 80' lang='grc'>11</span> <span class='ocrx_word' id='word_1_267' title='bbox 338 2317 383 2349; x_wconf 83' lang='grc'>25</span> <span class='ocrx_word' id='word_1_268' title='bbox 409 2313 562 2350; x_wconf 76' lang='lat' dir='ltr'>inlustri</span> <span class='ocrx_word' id='word_1_269' title='bbox 587 2316 640 2363; x_wconf 83' lang='lat' dir='ltr'>L,</span> <span class='ocrx_word' id='word_1_270' title='bbox 672 2317 816 2353; x_wconf 77' lang='lat' dir='ltr'>illustri</span> <span class='ocrx_word' id='word_1_271' title='bbox 843 2319 885 2363; x_wconf 87' lang='lat' dir='ltr'>T,</span> <span class='ocrx_word' id='word_1_272' title='bbox 918 2317 1080 2355; x_wconf 81' lang='lat' dir='ltr'>illustris</span> <span class='ocrx_word' id='word_1_273' title='bbox 1108 2322 1220 2364; x_wconf 86' lang='lat' dir='ltr'>(corr.</span> <span class='ocrx_word' id='word_1_274' title='bbox 1245 2329 1292 2355; x_wconf 78' lang='lat' dir='ltr'>ex</span> <span class='ocrx_word' id='word_1_275' title='bbox 1316 2317 1492 2354; x_wconf 77' lang='lat' dir='ltr'>inlustris</span> 
     </span>
    </p>

    <p class='ocr_par' dir='ltr' id='par_1_10' title="bbox 100 2360 1517 2460">
     <span class='ocr_line' id='line_1_35' title="bbox 100 2360 1517 2413; baseline 0.004 -17"><span class='ocrx_word' id='word_1_276' title='bbox 100 2360 236 2406; x_wconf 15' lang='lat' dir='ltr'><em>VN¹)N</em></span> <span class='ocrx_word' id='word_1_277' title='bbox 238 2361 288 2396; x_wconf 89' lang='lat' dir='ltr'><em>M</em></span> <span class='ocrx_word' id='word_1_278' title='bbox 292 2361 340 2407; x_wconf 81' lang='lat'>0‚·</span> <span class='ocrx_word' id='word_1_279' title='bbox 365 2363 412 2407; x_wconf 79' lang='lat' dir='ltr'>cf.</span> <span class='ocrx_word' id='word_1_280' title='bbox 439 2374 492 2409; x_wconf 77' lang='lat' dir='ltr'>ep.</span> <span class='ocrx_word' id='word_1_281' title='bbox 520 2364 610 2408; x_wconf 87' lang='lat' dir='ltr'>VII,</span> <span class='ocrx_word' id='word_1_282' title='bbox 631 2369 667 2409; x_wconf 82' lang='grc'>9,</span> <span class='ocrx_word' id='word_1_283' title='bbox 687 2369 735 2402; x_wconf 86' lang='grc'>17</span> <span class='ocrx_word' id='word_1_284' title='bbox 760 2366 933 2402; x_wconf 84' lang='lat' dir='ltr'>inlustris</span> <span class='ocrx_word' id='word_1_285' title='bbox 959 2366 1001 2402; x_wconf 88' lang='lat' dir='ltr'>in</span> <span class='ocrx_word' id='word_1_286' title='bbox 1019 2369 1181 2413; x_wconf 84' lang='lat' dir='ltr'>utraque</span> <span class='ocrx_word' id='word_1_287' title='bbox 1202 2366 1491 2403; x_wconf 74' lang='lat' dir='ltr'>conversatione</span> <span class='ocrx_word' id='word_1_288' title='bbox 1515 2378 1517 2380; x_wconf 92' lang='lat'>·</span> 
     </span>
     <span class='ocr_line' id='line_1_36' title="bbox 104 2409 673 2460; baseline 0.007 -16"><span class='ocrx_word' id='word_1_289' title='bbox 104 2409 290 2456; x_wconf 78' lang='lat' dir='ltr'>prosapia</span> <span class='ocrx_word' id='word_1_290' title='bbox 309 2410 321 2455; x_wconf 86' lang='grc' dir='ltr'>ΙΙ</span> <span class='ocrx_word' id='word_1_291' title='bbox 341 2414 385 2446; x_wconf 78' lang='lat'>27</span> <span class='ocrx_word' id='word_1_292' title='bbox 412 2410 533 2446; x_wconf 85' lang='lat' dir='ltr'>nichil</span> <span class='ocrx_word' id='word_1_293' title='bbox 555 2412 643 2448; x_wconf 84' lang='lat' dir='ltr'>MT</span> <span class='ocrx_word' id='word_1_294' title='bbox 659 2415 673 2460; x_wconf 81' lang='lat' dir='ltr'>ss</span> 
     </span>
    </p>
   </div>
  </div>
 </body>
</html>
