1592 2612
181 138 271 181 254
728 132 935 169 GARMEN
959 132 1005 169 Π.

303 240 469 278 suscitet
501 236 766 289 Oenomaum,
798 239 913 274 natae
947 245 1067 286 quem
1100 231 1240 272 fraude
1273 231 1483 273 cadentem

303 311 417 338 cerea
450 298 632 337 destituit
663 295 852 336 resolutis
886 293 1027 334 axibus
1062 292 1184 347 ebex3

299 357 489 411 procedat
521 356 679 397 Colchis
710 357 824 408 prius
857 356 990 407 agnita
1021 355 1134 406 virgo
1166 354 1310 393 marito

300 420 466 459 crimine
500 429 619 470 quam
652 428 771 470 sexu3
805 420 960 468 spectet
992 414 1041 455 de
1075 425 1238 455 carcere
1271 415 1371 454 circi

204 487 274 520 495
300 478 494 532 pallentes
526 477 707 518 Atalanta
738 488 884 529 procos
917 480 957 515 et
988 487 1107 528 poma
1140 474 1278 514 decori

298 539 559 592 Hippomenis
591 539 671 577 iam
703 549 785 576 non
816 549 889 589 pro
924 535 1008 575 solo
1042 534 1203 587 colligat
1235 546 1351 589 auro,

297 599 499 652 Deianira,
531 603 621 638 tuas
653 596 851 638 Achelous
884 595 1079 649 gymnade
1111 596 1274 649 pinguis

296 659 470 700 illustret
501 659 638 699 taedas
671 663 711 698 et
743 657 791 697 ab
823 656 996 696 Hercule
1029 668 1196 709 pressus
1229 654 1372 696 anhelo

297 719 487 760 lassatum
519 719 649 759 foveat
679 719 777 758 rivis
810 716 1001 757 rivalibus
1033 717 1210 757 hostem:

202 788 270 820 500
296 781 549 833 quantumvis
582 783 762 832 repetam
793 779 942 818 veteris
974 777 1146 818 conubia
1179 775 1318 830 saecli,

295 840 585 880 transcendunt
615 839 681 879 hic
713 839 878 892 heroas,
909 838 1098 878 heroidas
1130 837 1208 877 illa.

296 901 369 940 hos
402 900 615 954 thalamos,
646 898 842 953 Ricimer,
873 898 1010 939 Virtus
1042 898 1118 938 tibi
1148 896 1332 952 pronuba
1364 898 1495 950 poscit

297 966 415 1013 atque
447 960 663 1000 Dionaeam
694 959 762 1000 dat
792 959 934 1000 Martia
965 959 1102 999 laurea
1133 962 1320 1012 myrtum.

297 1034 391 1073 ergo
425 1033 514 1075 age,
544 1020 657 1060 trade
689 1021 820 1060 virum
852 1032 935 1060 non
968 1021 1047 1059 otia
1079 1020 1193 1072 pigra
1225 1019 1426 1058 foventem

203 1089 271 1122 505
300 1081 536 1134 deliciisque
569 1093 747 1135 gravem,
781 1080 851 1121 sed
885 1092 1005 1133 quem
1036 1080 1156 1119 modo
1188 1080 1374 1119 nauticus
1405 1080 1489 1119 urit

299 1147 433 1181 aestus
466 1141 724 1194 Abydenique
758 1142 872 1181 sinus
906 1145 946 1181 et
978 1140 1130 1180 Sestias
1164 1152 1232 1179 ora

294 1201 629 1254 Hellespontiacis
662 1201 985 1242 circumclamata
1015 1199 1223 1254 procellis3

296 1275 393 1314 quas
425 1262 555 1315 pelagi
587 1262 723 1302 fauces
755 1275 835 1302 non
869 1264 927 1302 sic
958 1263 1139 1301 tenuisse
1171 1260 1234 1300 vel
1265 1259 1379 1300 illum

296 1322 556 1376 crediderim,
589 1323 653 1362 cui
684 1327 827 1375 ruptus
859 1322 1002 1376 Athos,
1035 1323 1101 1362 cui
1132 1321 1284 1373 remige
1316 1320 1431 1361 Medo

200 1390 269 1423 510
296 1382 454 1435 turgida
487 1382 674 1422 silvosam
707 1382 923 1423 currebant
953 1382 1040 1422 vela
1071 1394 1145 1435 per
1176 1381 1335 1435 Alpem3

295 1454 369 1482 nec
401 1442 631 1483 Lucullanis
665 1444 723 1483 sic
748 1443 847 1484 haec
880 1444 982 1483 freta
1015 1444 1146 1483 cincta
1178 1443 1346 1495 carinis,

296 1504 430 1555 segnis
464 1503 511 1543 ad
544 1505 743 1556 insignem
777 1504 882 1544 sedit
914 1515 1006 1543 cum
1039 1502 1210 1556 Cyzicon
1242 1502 1389 1555 hostis,

298 1564 366 1615 qui
399 1568 565 1615 cogente
598 1563 701 1603 fame
735 1569 901 1616 cognata
934 1563 1127 1604 cadavera
1157 1562 1353 1603 mandens

293 1625 392 1663 vixit
422 1629 551 1663 morte
586 1636 667 1664 sua.
732 1624 802 1664 sed
836 1624 931 1677 quid
964 1637 1053 1664 mea
1085 1628 1175 1663 vota
1207 1619 1398 1663 retardo?

197 1690 265 1722 515
291 1683 404 1723 trade
436 1681 590 1736 magis.'
654 1689 740 1724 tum
772 1697 898 1737 pauca
931 1685 1057 1724 refert
1089 1684 1276 1724 Tithonia
1308 1683 1500 1723 coniunx:

294 1740 386 1783 ‘duc
407 1756 490 1798 age,
511 1749 647 1784 sancta
666 1757 824 1798 parens,
852 1757 1093 1798 quamquam
1112 1744 1213 1784 mihi
1232 1745 1431 1783 maximus
1450 1754 1548 1783 usus

292 1804 431 1843 invicti
464 1806 690 1857 summique
724 1805 857 1859 ducis,
889 1805 985 1845 dum
1016 1806 1154 1845 mitior
1187 1808 1299 1844 extes

293 1868 332 1903 et
363 1876 443 1903 non
476 1864 697 1904 disiunctas
729 1865 873 1905 melius
905 1865 1164 1906 moderemur
1195 1864 1384 1904 habenas.

292 1936 383 1963 nam
417 1925 452 1963 si
483 1924 585 1964 forte
617 1924 748 1977 placet
778 1931 961 1966 veterum
992 1927 1226 1966 meminisse
1258 1923 1458 1978 laborum,

197 1991 266 2024 520
293 1988 334 2023 et
366 1985 435 2036 qui
466 1996 539 2036 pro
572 1986 701 2036 patria
732 1987 857 2025 vestri
888 1991 1085 2039 pugnaret
1115 1985 1210 2040 Iuli,

291 2048 336 2083 ut
368 2043 425 2083 nil
456 2043 547 2096 plus
580 2044 728 2099 dicam,
759 2047 871 2098 prior
903 2046 996 2086 hinc
1030 2059 1102 2099 ego
1134 2046 1347 2086 Memnona
1378 2040 1499 2084 misi.'

350 2102 574 2158 Finierant3
608 2106 787 2157 geminas
813 2107 944 2146 iunxit
976 2106 1198 2147 Concordia
1229 2110 1385 2160 partes,

291 2163 418 2203 electo
450 2164 611 2204 tandem
642 2167 795 2217 potitur
827 2166 932 2218 quod
964 2168 1148 2220 principe
1180 2166 1318 2206 Roma.

292 2236 400 2264 nunc
433 2224 588 2277 aliquos
621 2230 712 2265 voto
747 2226 869 2265 simili
900 2226 963 2266 vel
995 2240 1149 2281 amore,
1181 2230 1378 2279 vetustas,

265 2367 334 2400 500
363 2363 503 2400 veteris
523 2365 694 2410 repetam
714 2365 755 2400 F
771 2366 784 2411 ΙΙ
803 2368 871 2401 501
899 2366 1078 2403 heroidas
1098 2367 1222 2414 vulyo,
1246 2364 1421 2401 heroides
1441 2363 1544 2402 codd.

165 2411 178 2460 Η
202 2414 272 2448 506
300 2414 424 2449 36311113
452 2413 536 2459 ΡΤ,
564 2414 670 2449 astus
701 2413 741 2449 F
756 2415 769 2460 ΙΙ
