1592 2612
113 155 171 198 86
594 152 741 188 LIBER
767 146 1010 196 QUARTUS.

331 268 450 308 quam
480 259 606 295 totam
637 253 857 294 monachus
890 253 1048 292 virente
1082 253 1123 292 in
1155 264 1252 292 aevo

332 320 485 356 secreta
516 315 618 355 bibit
650 315 917 367 institutione,

330 380 476 430 orator,
509 374 754 429 dialecticus,
786 379 916 428 poeta,

329 440 531 488 tractator,
565 439 768 488 geometra
799 435 1073 487 musicusque,

260 506 303 537 10
330 497 471 536 doctus
509 495 664 536 solvere
697 495 826 535 vincla
859 495 1144 547 quaestionum

332 561 372 596 et
403 555 516 596 verbi
549 556 680 609 gladio
714 568 850 596 secare
885 559 1026 609 sectas,

331 618 365 656 si
398 629 498 669 quae
532 616 769 657 catholicam
801 616 923 656 tidem
955 615 1170 656 lacessunt.

327 677 576 730 psalmorum
608 677 674 717 hic
706 676 932 717 modulator
964 681 1005 716 et
1036 676 1264 729 phonascus

328 742 418 778 ante
452 737 593 778 altaria
625 738 748 778 fratre
782 737 1007 790 gratulante

258 806 300 838 15
327 799 546 838 instructas
579 798 718 838 docuit
750 810 893 838 sonare
926 797 1088 838 classes.

326 858 392 898 hic
425 858 688 899 sollemnibus
721 860 865 899 annuis
897 859 1052 911 paravit

328 931 427 971 quae
462 932 540 972 quo
573 924 754 972 tempore
788 919 889 959 lecta
923 919 1196 959 convenirent.

326 981 495 1019 antistes
529 979 604 1020 fuit
636 980 778 1020 ordine
811 982 853 1019 in
887 978 1077 1032 secundo,

325 1039 490 1079 fratrem
523 1041 629 1081 fasce
663 1040 799 1080 levans
832 1039 1063 1092 episcopali.

258 1108 303 1140 20
330 1112 421 1139 nam
454 1100 502 1140 de
535 1101 739 1153 pontificis
771 1106 913 1140 tenore
947 1100 1094 1140 summi

328 1159 394 1200 ille
427 1162 600 1213 insignia
634 1163 817 1215 sumpsit,
853 1161 919 1200 hic
952 1160 1142 1200 laborem.

328 1226 366 1260 at
398 1225 454 1275 tu,
487 1224 659 1274 quisque
693 1221 818 1276 doles,
852 1222 978 1261 amice
1012 1220 1150 1274 lector,

328 1280 376 1320 de
409 1286 519 1321 tanto
550 1284 669 1335 ‘quasi
701 1282 759 1322 nil
790 1283 876 1321 viro
911 1282 1100 1335 supersit,

328 1341 418 1380 udis
450 1355 570 1395 parce
604 1344 718 1395 genis
751 1344 883 1395 rigare
916 1354 1112 1382 marmor:

260 1409 304 1441 25
331 1413 445 1442 mens
479 1407 518 1442 et
550 1402 677 1455 gloria
707 1415 789 1443 non
822 1407 976 1456 queunt
1008 1402 1179 1442 humari.

112 1494 150 1536 7.
182 1495 285 1537 Ecce
318 1498 423 1550 quod
456 1511 630 1553 carmen,
669 1512 760 1540 cum
792 1501 969 1552 primum
1002 1499 1115 1552 affui,
1156 1511 1278 1551 super
1309 1500 1493 1539 unanimi

110 1556 247 1596 fratris
286 1570 375 1598 ossa
414 1561 648 1612 conscripsi.
711 1572 884 1613 namque
923 1565 1020 1600 tunc
1059 1559 1158 1613 afui,
1200 1571 1293 1599 cum
1331 1559 1493 1600 funera-

111 1621 268 1671 rentur3
300 1631 374 1658 nec
407 1619 456 1658 ob
488 1620 564 1660 hoc
595 1625 730 1661 tamen
762 1620 921 1674 perdidi
953 1622 995 1660 in
1028 1625 1157 1660 totum
1190 1619 1487 1660 desideratissi-

110 1689 215 1717 mam
247 1678 369 1718 ssendi
401 1681 662 1720 occasionem.
726 1694 819 1721 nam
851 1681 948 1721 dum
980 1681 1082 1721 forte
1109 1681 1339 1734 meditarer,
1371 1680 1490 1721 lacri-

74 1747 91 1773 5
112 1739 187 1777 mis
213 1737 388 1778 habenas
409 1741 539 1780 anima
558 1743 807 1792 parturiente
829 1741 957 1781 laxavi
977 1742 1134 1794 fecique
1156 1741 1205 1781 ad
1225 1740 1488 1795 epitaphium,

112 1797 218 1850 quod
251 1797 319 1838 alii
349 1799 531 1840 fecerunt
570 1800 618 1840 ad
657 1802 925 1854 sepulchrum.
989 1802 1088 1842 haec
1121 1814 1216 1854 ergo
1250 1803 1489 1855 scripsimus

111 1857 197 1912 tibi,
229 1870 278 1898 ne
312 1859 480 1899 forsitan
512 1859 755 1901 arbitrarere
789 1861 918 1902 solum
950 1874 1024 1901 nos
1057 1861 1190 1902 colere
1216 1863 1399 1903 vivorum
1425 1874 1490 1902 so-

112 1918 316 1959 dalitatem
346 1921 486 1972 reique
519 1925 587 1960 tuo
620 1921 770 1961 iudicio
803 1934 1004 1976 essemus,
1042 1924 1122 1962 nisi
1154 1923 1376 1963 amicorum
1409 1924 1489 1963 vita

112 1984 319 2020 carentum
364 1992 523 2032 semper
567 1993 693 2034 aeque
735 1987 779 2022 ut
817 1982 1079 2023 incolumium
1121 1983 1490 2023 reminisceremur.

58 2048 93 2075 10
112 2051 283 2092 namque
317 2044 357 2080 et
389 2052 437 2080 ex
470 2040 563 2094 hoc,
606 2042 712 2093 quod
744 2043 809 2081 vix
847 2048 1077 2084 reservatur
1115 2045 1351 2096 imaginaria
1389 2043 1491 2084 fides

112 2099 174 2139 vel
205 2099 508 2154 superstitibus,
546 2113 627 2141 non
659 2108 819 2154 praeter
851 2115 1023 2155 aequum
1056 2103 1293 2158 opinabere,
1332 2105 1368 2144 si
1398 2116 1491 2157 per—

113 2172 264 2213 paucos
297 2173 386 2201 esse
420 2162 609 2214 conicias,
642 2164 711 2214 qui
742 2168 922 2202 mortuos
955 2169 1100 2204 ament.
1164 2164 1260 2205 vale.

211 2291 232 2324 2
259 2287 352 2324 affui
387 2288 457 2326 OT
494 2290 500 2334 Ι
539 2288 807 2325 funerarentur
838 2291 927 2326 LN
931 2292 950 2335 ¹,
989 2291 1230 2328 funeraretur
1254 2292 1448 2330 N'MOT
1477 2292 1490 2341 ΙΙ

112 2340 134 2373 3
162 2335 558 2373 desiderantissimam
585 2339 624 2384 (n
649 2349 741 2375 eraS.
763 2338 939 2385 M²)M0
953 2341 965 2386 ΙΙ
