<?xml version="1.0" encoding="UTF-8"?>
<!DOCTYPE html PUBLIC "-//W3C//DTD XHTML 1.0 Transitional//EN"
    "http://www.w3.org/TR/xhtml1/DTD/xhtml1-transitional.dtd">
<html xmlns="http://www.w3.org/1999/xhtml" xml:lang="en" lang="en">
 <head>
  <title>
</title>
<meta http-equiv="Content-Type" content="text/html;charset=utf-8" />
  <meta name='ocr-system' content='tesseract 3.04.00' />
  <meta name='ocr-capabilities' content='ocr_page ocr_carea ocr_par ocr_line ocrx_word'/>
</head>
<body>
  <div class='ocr_page' id='page_1' title='image "./csolliusapollina00sidouoft_0212.png"; bbox 0 0 1592 2612; ppageno 0'>
   <div class='ocr_carea' id='block_1_1' title="bbox 131 113 1029 164">
    <p class='ocr_par' dir='ltr' id='par_1_1' title="bbox 131 113 1029 164">
     <span class='ocr_line' id='line_1_1' title="bbox 131 113 1029 164; baseline -0.001 -13"><span class='ocrx_word' id='word_1_1' title='bbox 131 119 218 164; x_wconf 85' lang='lat'><strong>160</strong></span> <span class='ocrx_word' id='word_1_2' title='bbox 600 114 749 152; x_wconf 80' lang='lat' dir='ltr'>LIBER</span> <span class='ocrx_word' id='word_1_3' title='bbox 773 113 1029 152; x_wconf 74' lang='lat' dir='ltr'>SEPTIMUS.</span> 
     </span>
    </p>
   </div>
   <div class='ocr_carea' id='block_1_2' title="bbox 70 214 1544 1059">
    <p class='ocr_par' dir='ltr' id='par_1_2' title="bbox 70 214 1544 1059">
     <span class='ocr_line' id='line_1_2' title="bbox 128 214 1532 274; baseline -0.003 -13"><span class='ocrx_word' id='word_1_4' title='bbox 128 220 354 274; x_wconf 88' lang='lat' dir='ltr'><strong>descendit,</strong></span> <span class='ocrx_word' id='word_1_5' title='bbox 393 220 462 271; x_wconf 92' lang='lat' dir='ltr'><strong>qui</strong></span> <span class='ocrx_word' id='word_1_6' title='bbox 500 222 568 258; x_wconf 90' lang='lat' dir='ltr'><strong>aut</strong></span> <span class='ocrx_word' id='word_1_7' title='bbox 598 217 826 257; x_wconf 88' lang='lat' dir='ltr'><strong>litterarum</strong></span> <span class='ocrx_word' id='word_1_8' title='bbox 859 220 928 256; x_wconf 92' lang='lat' dir='ltr'><strong>aut</strong></span> <span class='ocrx_word' id='word_1_9' title='bbox 959 214 1147 256; x_wconf 82' lang='lat' dir='ltr'><strong>altarium</strong></span> <span class='ocrx_word' id='word_1_10' title='bbox 1173 214 1385 260; x_wconf 75' lang='lat' dir='ltr'><strong>cathedras</strong></span> <span class='ocrx_word' id='word_1_11' title='bbox 1418 227 1532 263; x_wconf 76' lang='lat' dir='ltr'><strong>cum·.</strong></span> 
     </span>
     <span class='ocr_line' id='line_1_3' title="bbox 129 272 1512 329; baseline -0.002 -8"><span class='ocrx_word' id='word_1_12' title='bbox 129 282 193 322; x_wconf 91' lang='lat' dir='ltr'><strong>sui</strong></span> <span class='ocrx_word' id='word_1_13' title='bbox 225 272 378 320; x_wconf 79' lang='lat' dir='ltr'>ordinis</span> <span class='ocrx_word' id='word_1_14' title='bbox 411 278 526 319; x_wconf 89' lang='lat' dir='ltr'><strong>laude</strong></span> <span class='ocrx_word' id='word_1_15' title='bbox 558 282 789 318; x_wconf 91' lang='lat' dir='ltr'><strong>tenuerunt.</strong></span> <span class='ocrx_word' id='word_1_16' title='bbox 842 289 938 317; x_wconf 91' lang='lat' dir='ltr'><strong>sane</strong></span> <span class='ocrx_word' id='word_1_17' title='bbox 972 277 1066 329; x_wconf 88' lang='lat' dir='ltr'><strong>quia</strong></span> <span class='ocrx_word' id='word_1_18' title='bbox 1097 287 1272 329; x_wconf 87' lang='lat' dir='ltr'><strong>persona</strong></span> <span class='ocrx_word' id='word_1_19' title='bbox 1303 281 1512 318; x_wconf 83' lang='lat' dir='ltr'><strong>matronae</strong></span> 
     </span>
     <span class='ocr_line' id='line_1_4' title="bbox 127 334 1513 391; baseline -0.004 -9"><span class='ocrx_word' id='word_1_20' title='bbox 127 340 394 382; x_wconf 88' lang='lat' dir='ltr'><strong>verecundam</strong></span> <span class='ocrx_word' id='word_1_21' title='bbox 415 340 742 391; x_wconf 83' lang='lat' dir='ltr'><strong>succinctamque</strong></span> <span class='ocrx_word' id='word_1_22' title='bbox 763 339 826 378; x_wconf 92' lang='lat' dir='ltr'><strong>sui</strong></span> <span class='ocrx_word' id='word_1_23' title='bbox 847 338 972 390; x_wconf 81' lang='lat' dir='ltr'>exigit</span> <span class='ocrx_word' id='word_1_24' title='bbox 990 337 1252 391; x_wconf 82' lang='lat' dir='ltr'>mentionem,</span> <span class='ocrx_word' id='word_1_25' title='bbox 1279 334 1513 378; x_wconf 71' lang='lat' dir='ltr'><strong>constanter</strong></span> 
     </span>
     <span class='ocr_line' id='line_1_5' title="bbox 128 397 1510 452; baseline -0.003 -10"><span class='ocrx_word' id='word_1_26' title='bbox 128 402 396 442; x_wconf 83' lang='lat' dir='ltr'><strong>adstruxerim</strong></span> <span class='ocrx_word' id='word_1_27' title='bbox 416 398 663 452; x_wconf 87' lang='lat' dir='ltr'><strong>respondere</strong></span> <span class='ocrx_word' id='word_1_28' title='bbox 689 398 799 438; x_wconf 92' lang='lat' dir='ltr'><strong>illam</strong></span> <span class='ocrx_word' id='word_1_29' title='bbox 825 398 1014 438; x_wconf 90' lang='lat' dir='ltr'><strong>feminam</strong></span> <span class='ocrx_word' id='word_1_30' title='bbox 1037 397 1276 438; x_wconf 81' lang='lat' dir='ltr'><strong>sacerdotiis</strong></span> <span class='ocrx_word' id='word_1_31' title='bbox 1296 399 1510 452; x_wconf 88' lang='lat' dir='ltr'><strong>utriusque</strong></span> 
     </span>
     <span class='ocr_line' id='line_1_6' title="bbox 90 457 1511 515; baseline -0.001 -15"><span class='ocrx_word' id='word_1_32' title='bbox 90 475 106 500; x_wconf 82' lang='lat'>5</span> <span class='ocrx_word' id='word_1_33' title='bbox 128 461 321 515; x_wconf 88' lang='lat' dir='ltr'><strong>familiae,</strong></span> <span class='ocrx_word' id='word_1_34' title='bbox 364 460 426 500; x_wconf 87' lang='lat' dir='ltr'><strong>vel</strong></span> <span class='ocrx_word' id='word_1_35' title='bbox 469 459 539 500; x_wconf 90' lang='lat' dir='ltr'><strong>ubi</strong></span> <span class='ocrx_word' id='word_1_36' title='bbox 584 459 727 499; x_wconf 87' lang='lat' dir='ltr'><strong>educta</strong></span> <span class='ocrx_word' id='word_1_37' title='bbox 772 460 899 499; x_wconf 90' lang='lat' dir='ltr'><strong>crevit</strong></span> <span class='ocrx_word' id='word_1_38' title='bbox 936 457 999 498; x_wconf 88' lang='lat' dir='ltr'><strong>vel</strong></span> <span class='ocrx_word' id='word_1_39' title='bbox 1036 457 1108 497; x_wconf 92' lang='lat' dir='ltr'><strong>ubi</strong></span> <span class='ocrx_word' id='word_1_40' title='bbox 1145 457 1274 503; x_wconf 88' lang='lat' dir='ltr'><strong>electa</strong></span> <span class='ocrx_word' id='word_1_41' title='bbox 1312 459 1511 512; x_wconf 85' lang='lat' dir='ltr'><strong>migravit.</strong></span> 
     </span>
     <span class='ocr_line' id='line_1_7' title="bbox 127 517 1513 573; baseline -0.001 -11"><span class='ocrx_word' id='word_1_42' title='bbox 127 522 230 562; x_wconf 86' lang='lat' dir='ltr'><strong>filios</strong></span> <span class='ocrx_word' id='word_1_43' title='bbox 257 521 371 562; x_wconf 87' lang='lat' dir='ltr'><strong>ambo</strong></span> <span class='ocrx_word' id='word_1_44' title='bbox 398 520 501 561; x_wconf 87' lang='lat' dir='ltr'><strong>hene</strong></span> <span class='ocrx_word' id='word_1_45' title='bbox 522 525 563 560; x_wconf 90' lang='lat' dir='ltr'><strong>et</strong></span> <span class='ocrx_word' id='word_1_46' title='bbox 589 519 811 572; x_wconf 87' lang='lat' dir='ltr'><strong>prudenter</strong></span> <span class='ocrx_word' id='word_1_47' title='bbox 831 521 1061 573; x_wconf 87' lang='lat' dir='ltr'><strong>instituunt,</strong></span> <span class='ocrx_word' id='word_1_48' title='bbox 1088 517 1236 571; x_wconf 70' lang='lat' dir='ltr'><strong>quibus</strong></span> <span class='ocrx_word' id='word_1_49' title='bbox 1257 523 1513 572; x_wconf 86' lang='lat' dir='ltr'><strong>comparatus</strong></span> 
     </span>
     <span class='ocr_line' id='line_1_8' title="bbox 126 577 1544 636; baseline -0.001 -14"><span class='ocrx_word' id='word_1_50' title='bbox 126 588 240 636; x_wconf 90' lang='lat' dir='ltr'><strong>pater</strong></span> <span class='ocrx_word' id='word_1_51' title='bbox 271 582 364 621; x_wconf 91' lang='lat' dir='ltr'><strong>inde</strong></span> <span class='ocrx_word' id='word_1_52' title='bbox 397 581 553 621; x_wconf 83' lang='lat' dir='ltr'><strong>felicior</strong></span> <span class='ocrx_word' id='word_1_53' title='bbox 585 581 730 633; x_wconf 91' lang='lat' dir='ltr'><strong>incipit</strong></span> <span class='ocrx_word' id='word_1_54' title='bbox 759 592 862 633; x_wconf 92' lang='lat' dir='ltr'><strong>esse,</strong></span> <span class='ocrx_word' id='word_1_55' title='bbox 894 580 988 632; x_wconf 91' lang='lat' dir='ltr'><strong>quia</strong></span> <span class='ocrx_word' id='word_1_56' title='bbox 1014 580 1201 620; x_wconf 89' lang='lat' dir='ltr'><strong>vincitur.</strong></span> <span class='ocrx_word' id='word_1_57' title='bbox 1253 577 1324 621; x_wconf 80' lang='lat'><strong>25.</strong></span> <span class='ocrx_word' id='word_1_58' title='bbox 1351 584 1392 620; x_wconf 89' lang='lat' dir='ltr'><strong>et</strong></span> <span class='ocrx_word' id='word_1_59' title='bbox 1418 581 1544 633; x_wconf 81' lang='lat' dir='ltr'><strong>quia·</strong></span> 
     </span>
     <span class='ocr_line' id='line_1_9' title="bbox 128 639 1517 694; baseline -0.001 -11"><span class='ocrx_word' id='word_1_60' title='bbox 128 644 367 683; x_wconf 85' lang='lat' dir='ltr'><strong>sententiam</strong></span> <span class='ocrx_word' id='word_1_61' title='bbox 399 642 606 694; x_wconf 70' lang='lat' dir='ltr'><strong>parvitatis</strong></span> <span class='ocrx_word' id='word_1_62' title='bbox 638 653 750 681; x_wconf 91' lang='lat' dir='ltr'><strong>meae</strong></span> <span class='ocrx_word' id='word_1_63' title='bbox 784 642 826 680; x_wconf 93' lang='lat' dir='ltr'><strong>in</strong></span> <span class='ocrx_word' id='word_1_64' title='bbox 858 639 932 680; x_wconf 90' lang='lat' dir='ltr'><strong>hac</strong></span> <span class='ocrx_word' id='word_1_65' title='bbox 959 639 1158 680; x_wconf 88' lang='lat' dir='ltr'><strong>electione</strong></span> <span class='ocrx_word' id='word_1_66' title='bbox 1184 639 1396 681; x_wconf 87' lang='lat' dir='ltr'><strong>valituram</strong></span> <span class='ocrx_word' id='word_1_67' title='bbox 1423 652 1517 681; x_wconf 83' lang='lat' dir='ltr'><strong>esse</strong></span> 
     </span>
     <span class='ocr_line' id='line_1_10' title="bbox 128 700 1515 757; baseline -0.001 -14"><span class='ocrx_word' id='word_1_68' title='bbox 128 705 303 757; x_wconf 88' lang='lat' dir='ltr'><strong>iurastis,</strong></span> <span class='ocrx_word' id='word_1_69' title='bbox 330 702 530 755; x_wconf 87' lang='lat' dir='ltr'><strong>siquidem</strong></span> <span class='ocrx_word' id='word_1_70' title='bbox 557 714 638 741; x_wconf 91' lang='lat' dir='ltr'><strong>non</strong></span> <span class='ocrx_word' id='word_1_71' title='bbox 665 706 727 741; x_wconf 91' lang='lat' dir='ltr'><strong>est</strong></span> <span class='ocrx_word' id='word_1_72' title='bbox 752 700 922 741; x_wconf 89' lang='lat' dir='ltr'><strong>validius</strong></span> <span class='ocrx_word' id='word_1_73' title='bbox 950 700 1086 754; x_wconf 85' lang='lat' dir='ltr'><strong>dicere</strong></span> <span class='ocrx_word' id='word_1_74' title='bbox 1115 705 1367 748; x_wconf 88' lang='lat' dir='ltr'><strong>sacramenta</strong></span> <span class='ocrx_word' id='word_1_75' title='bbox 1393 713 1515 755; x_wconf 90' lang='lat' dir='ltr'><strong>quam</strong></span> 
     </span>
     <span class='ocr_line' id='line_1_11' title="bbox 72 761 1514 815; baseline 0 -13"><span class='ocrx_word' id='word_1_76' title='bbox 72 764 109 803; x_wconf 80' lang='grc' dir='ltr'><strong>ἰο</strong></span> <span class='ocrx_word' id='word_1_77' title='bbox 129 763 324 804; x_wconf 90' lang='lat' dir='ltr'><strong>scribere:</strong></span> <span class='ocrx_word' id='word_1_78' title='bbox 363 763 599 806; x_wconf 86' lang='lat' dir='ltr'><strong>innomine</strong></span> <span class='ocrx_word' id='word_1_79' title='bbox 631 763 758 815; x_wconf 90' lang='lat' dir='ltr'><strong>patris</strong></span> <span class='ocrx_word' id='word_1_80' title='bbox 791 766 831 801; x_wconf 93' lang='lat' dir='ltr'><strong>et</strong></span> <span class='ocrx_word' id='word_1_81' title='bbox 863 761 938 801; x_wconf 91' lang='lat' dir='ltr'><strong>filii</strong></span> <span class='ocrx_word' id='word_1_82' title='bbox 970 766 1011 802; x_wconf 96' lang='lat' dir='ltr'><strong>et</strong></span> <span class='ocrx_word' id='word_1_83' title='bbox 1043 762 1212 814; x_wconf 89' lang='lat' dir='ltr'><strong>spiritus</strong></span> <span class='ocrx_word' id='word_1_84' title='bbox 1246 763 1376 802; x_wconf 86' lang='lat' dir='ltr'><strong>sancti</strong></span> <span class='ocrx_word' id='word_1_85' title='bbox 1409 761 1514 803; x_wconf 91' lang='lat' dir='ltr'><strong>Sim-</strong></span> 
     </span>
     <span class='ocr_line' id='line_1_12' title="bbox 70 821 1516 877; baseline -0.001 -12"><span class='ocrx_word' id='word_1_86' title='bbox 70 864 72 867; x_wconf 85' lang='grc'><em>,</em></span> <span class='ocrx_word' id='word_1_87' title='bbox 127 824 272 877; x_wconf 86' lang='lat' dir='ltr'><strong>plicius</strong></span> <span class='ocrx_word' id='word_1_88' title='bbox 305 829 379 877; x_wconf 87' lang='lat' dir='ltr'><strong>est,</strong></span> <span class='ocrx_word' id='word_1_89' title='bbox 412 835 531 876; x_wconf 90' lang='lat' dir='ltr'><strong>quem</strong></span> <span class='ocrx_word' id='word_1_90' title='bbox 563 823 794 875; x_wconf 89' lang='lat' dir='ltr'><strong>provinciae</strong></span> <span class='ocrx_word' id='word_1_91' title='bbox 828 827 990 862; x_wconf 90' lang='lat' dir='ltr'><strong>nostrae</strong></span> <span class='ocrx_word' id='word_1_92' title='bbox 1017 821 1385 877; x_wconf 88' lang='lat' dir='ltr'><strong>metropolitanum,</strong></span> <span class='ocrx_word' id='word_1_93' title='bbox 1418 823 1516 863; x_wconf 85' lang='lat' dir='ltr'><strong>civi-</strong></span> 
     </span>
     <span class='ocr_line' id='line_1_13' title="bbox 127 882 1514 936; baseline 0 -12"><span class='ocrx_word' id='word_1_94' title='bbox 127 886 199 924; x_wconf 88' lang='lat' dir='ltr'><strong>tati</strong></span> <span class='ocrx_word' id='word_1_95' title='bbox 236 889 391 924; x_wconf 90' lang='lat' dir='ltr'><strong>vestrae</strong></span> <span class='ocrx_word' id='word_1_96' title='bbox 432 895 632 924; x_wconf 90' lang='lat' dir='ltr'><strong>summum</strong></span> <span class='ocrx_word' id='word_1_97' title='bbox 676 883 926 923; x_wconf 89' lang='lat' dir='ltr'><strong>sacerdotem</strong></span> <span class='ocrx_word' id='word_1_98' title='bbox 965 883 1055 923; x_wconf 86' lang='lat' dir='ltr'><strong>fieri</strong></span> <span class='ocrx_word' id='word_1_99' title='bbox 1093 882 1242 923; x_wconf 90' lang='lat' dir='ltr'><strong>debere</strong></span> <span class='ocrx_word' id='word_1_100' title='bbox 1281 883 1514 936; x_wconf 87' lang='lat' dir='ltr'><strong>pronuntio.</strong></span> 
     </span>
     <span class='ocr_line' id='line_1_14' title="bbox 127 943 1517 996; baseline 0 -11"><span class='ocrx_word' id='word_1_101' title='bbox 127 957 197 985; x_wconf 88' lang='lat' dir='ltr'><strong>vos</strong></span> <span class='ocrx_word' id='word_1_102' title='bbox 217 949 350 985; x_wconf 90' lang='lat' dir='ltr'><strong>autem</strong></span> <span class='ocrx_word' id='word_1_103' title='bbox 377 944 424 984; x_wconf 91' lang='lat' dir='ltr'><strong>de</strong></span> <span class='ocrx_word' id='word_1_104' title='bbox 446 946 532 984; x_wconf 93' lang='lat' dir='ltr'><strong>viro</strong></span> <span class='ocrx_word' id='word_1_105' title='bbox 554 956 633 996; x_wconf 90' lang='lat' dir='ltr'><strong>quo</strong></span> <span class='ocrx_word' id='word_1_106' title='bbox 661 943 865 996; x_wconf 92' lang='lat' dir='ltr'><strong>loquimur</strong></span> <span class='ocrx_word' id='word_1_107' title='bbox 892 945 927 984; x_wconf 93' lang='lat' dir='ltr'><strong>si</strong></span> <span class='ocrx_word' id='word_1_108' title='bbox 952 956 1096 984; x_wconf 90' lang='lat' dir='ltr'><strong>novam</strong></span> <span class='ocrx_word' id='word_1_109' title='bbox 1124 944 1364 984; x_wconf 88' lang='lat' dir='ltr'><strong>sententiam</strong></span> <span class='ocrx_word' id='word_1_110' title='bbox 1384 955 1517 985; x_wconf 88' lang='lat' dir='ltr'><strong>meam</strong></span> 
     </span>
     <span class='ocr_line' id='line_1_15' title="bbox 130 1004 1302 1059; baseline -0.001 -14"><span class='ocrx_word' id='word_1_111' title='bbox 130 1007 364 1059; x_wconf 86' lang='lat' dir='ltr'><strong>sequimini,</strong></span> <span class='ocrx_word' id='word_1_112' title='bbox 398 1004 619 1045; x_wconf 89' lang='lat' dir='ltr'><strong>secundum</strong></span> <span class='ocrx_word' id='word_1_113' title='bbox 652 1009 828 1044; x_wconf 88' lang='lat' dir='ltr'><strong>vestram</strong></span> <span class='ocrx_word' id='word_1_114' title='bbox 860 1010 1039 1045; x_wconf 91' lang='lat' dir='ltr'><strong>veterem</strong></span> <span class='ocrx_word' id='word_1_115' title='bbox 1073 1009 1302 1045; x_wconf 84' lang='lat' dir='ltr'><strong>consonate.</strong></span> 
     </span>
    </p>
   </div>
   <div class='ocr_carea' id='block_1_3' title="bbox 78 1169 1394 1292">
    <p class='ocr_par' dir='ltr' id='par_1_3' title="bbox 78 1169 1394 1292">
     <span class='ocr_line' id='line_1_16' title="bbox 78 1169 1394 1292; baseline 0.001 -1"><span class='ocrx_word' id='word_1_116' title='bbox 78 1264 112 1291; x_wconf 70' lang='grc' dir='ltr'><strong>ιε,</strong></span> <span class='ocrx_word' id='word_1_117' title='bbox 257 1254 484 1291; x_wconf 76' lang='lat' dir='ltr'>SIDONIUS</span> <span class='ocrx_word' id='word_1_118' title='bbox 511 1254 707 1291; x_wconf 79' lang='lat' dir='ltr'>DOMINO</span> <span class='ocrx_word' id='word_1_119' title='bbox 734 1169 898 1290; x_wconf 69' lang='lat' dir='ltr'><strong>PA(PAE):</strong></span> <span class='ocrx_word' id='word_1_120' title='bbox 925 1254 1124 1292; x_wconf 80' lang='lat' dir='ltr'>GRAECO</span> <span class='ocrx_word' id='word_1_121' title='bbox 1152 1254 1394 1292; x_wconf 79' lang='lat' dir='ltr'>SALUTEM.</span> 
     </span>
    </p>
   </div>
   <div class='ocr_carea' id='block_1_4' title="bbox 79 1331 1539 2115">
    <p class='ocr_par' dir='ltr' id='par_1_4' title="bbox 133 1331 1539 1568">
     <span class='ocr_line' id='line_1_17' title="bbox 162 1331 1517 1392; baseline 0 -20"><span class='ocrx_word' id='word_1_122' title='bbox 162 1381 166 1385; x_wconf 17' lang='grc' dir='ltr'>ἑ</span> <span class='ocrx_word' id='word_1_123' title='bbox 226 1331 262 1372; x_wconf 93' lang='grc'><strong>1.</strong></span> <span class='ocrx_word' id='word_1_124' title='bbox 300 1331 462 1372; x_wconf 90' lang='lat' dir='ltr'><strong>Invideo</strong></span> <span class='ocrx_word' id='word_1_125' title='bbox 502 1332 685 1372; x_wconf 82' lang='lat' dir='ltr'><strong>felicitati</strong></span> <span class='ocrx_word' id='word_1_126' title='bbox 724 1331 1071 1372; x_wconf 89' lang='lat' dir='ltr'><strong>consuetudinarii</strong></span> <span class='ocrx_word' id='word_1_127' title='bbox 1093 1333 1338 1392; x_wconf 55' lang='lat' dir='ltr'><strong>portitoris,</strong></span> <span class='ocrx_word' id='word_1_128' title='bbox 1377 1345 1399 1373; x_wconf 93' lang='lat' dir='ltr'><strong>a</strong></span> <span class='ocrx_word' id='word_1_129' title='bbox 1438 1345 1517 1386; x_wconf 92' lang='lat' dir='ltr'><strong>quo</strong></span> 
     </span>
     <span class='ocr_line' id='line_1_18' title="bbox 133 1392 1539 1448; baseline 0.001 -16"><span class='ocrx_word' id='word_1_130' title='bbox 133 1394 301 1444; x_wconf 84' lang='lat' dir='ltr'><strong>contigit</strong></span> <span class='ocrx_word' id='word_1_131' title='bbox 342 1394 502 1446; x_wconf 88' lang='lat' dir='ltr'><strong>saepius</strong></span> <span class='ocrx_word' id='word_1_132' title='bbox 535 1405 605 1432; x_wconf 92' lang='lat' dir='ltr'><strong>vos</strong></span> <span class='ocrx_word' id='word_1_133' title='bbox 637 1393 775 1433; x_wconf 91' lang='lat' dir='ltr'><strong>videri.</strong></span> <span class='ocrx_word' id='word_1_134' title='bbox 829 1393 900 1432; x_wconf 92' lang='lat' dir='ltr'><strong>sed</strong></span> <span class='ocrx_word' id='word_1_135' title='bbox 934 1392 1031 1445; x_wconf 92' lang='lat' dir='ltr'><strong>quid</strong></span> <span class='ocrx_word' id='word_1_136' title='bbox 1064 1392 1114 1434; x_wconf 92' lang='lat' dir='ltr'><strong>de</strong></span> <span class='ocrx_word' id='word_1_137' title='bbox 1146 1393 1330 1433; x_wconf 88' lang='lat' dir='ltr'><strong>Amantio</strong></span> <span class='ocrx_word' id='word_1_138' title='bbox 1363 1392 1539 1448; x_wconf 89' lang='lat' dir='ltr'><strong>loquar,·</strong></span> 
     </span>
     <span class='ocr_line' id='line_1_19' title="bbox 135 1453 1520 1508; baseline 0.001 -16"><span class='ocrx_word' id='word_1_139' title='bbox 135 1465 226 1492; x_wconf 92' lang='lat' dir='ltr'><strong>cum</strong></span> <span class='ocrx_word' id='word_1_140' title='bbox 253 1454 360 1505; x_wconf 83' lang='lat' dir='ltr'><strong>ipsas</strong></span> <span class='ocrx_word' id='word_1_141' title='bbox 388 1466 547 1506; x_wconf 91' lang='lat' dir='ltr'><strong>quoque</strong></span> <span class='ocrx_word' id='word_1_142' title='bbox 574 1453 727 1493; x_wconf 88' lang='lat' dir='ltr'><strong>litteras</strong></span> <span class='ocrx_word' id='word_1_143' title='bbox 761 1466 871 1494; x_wconf 89' lang='lat' dir='ltr'><strong>meas</strong></span> <span class='ocrx_word' id='word_1_144' title='bbox 897 1453 1089 1508; x_wconf 77' lang='lat' dir='ltr'><strong>aemuler,</strong></span> <span class='ocrx_word' id='word_1_145' title='bbox 1121 1467 1224 1507; x_wconf 92' lang='lat' dir='ltr'><strong>quae</strong></span> <span class='ocrx_word' id='word_1_146' title='bbox 1250 1454 1520 1495; x_wconf 81' lang='lat' dir='ltr'><strong>sacrosanctis</strong></span> 
     </span>
     <span class='ocr_line' id='line_1_20' title="bbox 134 1512 1520 1568; baseline 0.001 -15"><span class='ocrx_word' id='word_1_147' title='bbox 134 1513 423 1553; x_wconf 86' lang='lat' dir='ltr'><strong>reserabuntur</strong></span> <span class='ocrx_word' id='word_1_148' title='bbox 462 1514 615 1568; x_wconf 82' lang='lat' dir='ltr'><strong>digitis,</strong></span> <span class='ocrx_word' id='word_1_149' title='bbox 654 1515 925 1566; x_wconf 88' lang='lat' dir='ltr'><strong>inspicientur</strong></span> <span class='ocrx_word' id='word_1_150' title='bbox 957 1512 1195 1555; x_wconf 74' lang='lat' dir='ltr'><strong>obtutibus?</strong></span> <span class='ocrx_word' id='word_1_151' title='bbox 1247 1519 1287 1555; x_wconf 92' lang='lat' dir='ltr'><strong>et</strong></span> <span class='ocrx_word' id='word_1_152' title='bbox 1319 1527 1392 1568; x_wconf 89' lang='lat' dir='ltr'><strong>ego</strong></span> <span class='ocrx_word' id='word_1_153' title='bbox 1425 1515 1520 1566; x_wconf 82' lang='lat' dir='ltr'><strong>istic</strong></span> 
     </span>
    </p>

    <p class='ocr_par' dir='ltr' id='par_1_5' title="bbox 79 1574 1520 1872">
     <span class='ocr_line' id='line_1_21' title="bbox 79 1574 1519 1628; baseline 0.002 -16"><span class='ocrx_word' id='word_1_154' title='bbox 79 1585 115 1611; x_wconf 83' lang='lat'><strong>20</strong></span> <span class='ocrx_word' id='word_1_155' title='bbox 134 1575 240 1613; x_wconf 88' lang='lat' dir='ltr'><strong>inter</strong></span> <span class='ocrx_word' id='word_1_156' title='bbox 267 1575 479 1614; x_wconf 88' lang='lat' dir='ltr'><strong>semiustas</strong></span> <span class='ocrx_word' id='word_1_157' title='bbox 506 1576 613 1615; x_wconf 91' lang='lat' dir='ltr'><strong>muri</strong></span> <span class='ocrx_word' id='word_1_158' title='bbox 640 1574 791 1626; x_wconf 84' lang='lat' dir='ltr'><strong>fragilis</strong></span> <span class='ocrx_word' id='word_1_159' title='bbox 820 1574 980 1616; x_wconf 90' lang='lat' dir='ltr'><strong>clausus</strong></span> <span class='ocrx_word' id='word_1_160' title='bbox 1007 1577 1213 1628; x_wconf 84' lang='lat' dir='ltr'><strong>angustias</strong></span> <span class='ocrx_word' id='word_1_161' title='bbox 1238 1574 1335 1615; x_wconf 88' lang='lat' dir='ltr'><strong>belli</strong></span> <span class='ocrx_word' id='word_1_162' title='bbox 1360 1580 1519 1615; x_wconf 89' lang='lat' dir='ltr'><strong>terrore</strong></span> 
     </span>
     <span class='ocr_line' id='line_1_22' title="bbox 134 1635 1519 1689; baseline 0.002 -16"><span class='ocrx_word' id='word_1_163' title='bbox 134 1636 312 1686; x_wconf 85' lang='lat' dir='ltr'><strong>contigui</strong></span> <span class='ocrx_word' id='word_1_164' title='bbox 357 1635 558 1675; x_wconf 85' lang='lat' dir='ltr'><strong>desiderio</strong></span> <span class='ocrx_word' id='word_1_165' title='bbox 604 1635 652 1675; x_wconf 93' lang='lat' dir='ltr'><strong>de</strong></span> <span class='ocrx_word' id='word_1_166' title='bbox 698 1635 811 1675; x_wconf 87' lang='lat' dir='ltr'><strong>vohis</strong></span> <span class='ocrx_word' id='word_1_167' title='bbox 856 1648 947 1676; x_wconf 90' lang='lat' dir='ltr'><strong>meo</strong></span> <span class='ocrx_word' id='word_1_168' title='bbox 989 1648 1244 1689; x_wconf 90' lang='lat' dir='ltr'><strong>nequaquam</strong></span> <span class='ocrx_word' id='word_1_169' title='bbox 1287 1636 1519 1676; x_wconf 85' lang='lat' dir='ltr'><strong>satisfacere</strong></span> 
     </span>
     <span class='ocr_line' id='line_1_23' title="bbox 133 1694 1519 1748; baseline 0.002 -14"><span class='ocrx_word' id='word_1_170' title='bbox 133 1694 355 1747; x_wconf 73' lang='lat' dir='ltr'><strong>permittor.</strong></span> <span class='ocrx_word' id='word_1_171' title='bbox 419 1700 537 1748; x_wconf 88' lang='lat' dir='ltr'><strong>atque</strong></span> <span class='ocrx_word' id='word_1_172' title='bbox 577 1697 730 1735; x_wconf 85' lang='lat' dir='ltr'><strong>utinam</strong></span> <span class='ocrx_word' id='word_1_173' title='bbox 768 1696 867 1737; x_wconf 91' lang='lat' dir='ltr'><strong>haec</strong></span> <span class='ocrx_word' id='word_1_174' title='bbox 907 1701 1015 1737; x_wconf 90' lang='lat' dir='ltr'><strong>esset</strong></span> <span class='ocrx_word' id='word_1_175' title='bbox 1046 1697 1248 1737; x_wconf 89' lang='lat' dir='ltr'><strong>Arvernae</strong></span> <span class='ocrx_word' id='word_1_176' title='bbox 1289 1696 1418 1737; x_wconf 88' lang='lat' dir='ltr'><strong>forma</strong></span> <span class='ocrx_word' id='word_1_177' title='bbox 1455 1695 1519 1737; x_wconf 88' lang='lat' dir='ltr'><strong>vel</strong></span> 
     </span>
     <span class='ocr_line' id='line_1_24' title="bbox 134 1755 1520 1809; baseline 0.003 -15"><span class='ocrx_word' id='word_1_178' title='bbox 134 1767 253 1795; x_wconf 86' lang='lat' dir='ltr'><strong>causa</strong></span> <span class='ocrx_word' id='word_1_179' title='bbox 285 1757 475 1809; x_wconf 84' lang='lat' dir='ltr'><strong>regionis,</strong></span> <span class='ocrx_word' id='word_1_180' title='bbox 507 1762 552 1796; x_wconf 92' lang='lat' dir='ltr'><strong>ut</strong></span> <span class='ocrx_word' id='word_1_181' title='bbox 583 1758 717 1796; x_wconf 89' lang='lat' dir='ltr'><strong>minus</strong></span> <span class='ocrx_word' id='word_1_182' title='bbox 746 1756 998 1797; x_wconf 87' lang='lat' dir='ltr'><strong>excusabiles</strong></span> <span class='ocrx_word' id='word_1_183' title='bbox 1027 1756 1332 1798; x_wconf 80' lang='lat' dir='ltr'><strong>excusaremur!</strong></span> <span class='ocrx_word' id='word_1_184' title='bbox 1380 1755 1420 1798; x_wconf 81' lang='lat'><strong>2,</strong></span> <span class='ocrx_word' id='word_1_185' title='bbox 1449 1757 1520 1797; x_wconf 90' lang='lat' dir='ltr'><strong>sed</strong></span> 
     </span>
     <span class='ocr_line' id='line_1_25' title="bbox 136 1816 1520 1872; baseline 0.003 -18"><span class='ocrx_word' id='word_1_186' title='bbox 136 1816 240 1867; x_wconf 87' lang='lat' dir='ltr'><strong>quod</strong></span> <span class='ocrx_word' id='word_1_187' title='bbox 274 1821 336 1855; x_wconf 90' lang='lat' dir='ltr'><strong>est</strong></span> <span class='ocrx_word' id='word_1_188' title='bbox 368 1816 526 1869; x_wconf 85' lang='lat' dir='ltr'><strong>durius,</strong></span> <span class='ocrx_word' id='word_1_189' title='bbox 562 1829 635 1869; x_wconf 88' lang='lat' dir='ltr'><strong>per</strong></span> <span class='ocrx_word' id='word_1_190' title='bbox 667 1818 888 1857; x_wconf 85' lang='lat' dir='ltr'><strong>iniustitiae</strong></span> <span class='ocrx_word' id='word_1_191' title='bbox 922 1822 1084 1858; x_wconf 86' lang='lat' dir='ltr'><strong>nostrae</strong></span> <span class='ocrx_word' id='word_1_192' title='bbox 1116 1819 1262 1858; x_wconf 90' lang='lat' dir='ltr'><strong>merita</strong></span> <span class='ocrx_word' id='word_1_193' title='bbox 1294 1818 1520 1872; x_wconf 87' lang='lat' dir='ltr'><strong>conficitur,</strong></span> 
     </span>
    </p>

    <p class='ocr_par' dir='ltr' id='par_1_6' title="bbox 81 1876 1521 1993">
     <span class='ocr_line' id='line_1_26' title="bbox 81 1876 1520 1934; baseline 0.004 -21"><span class='ocrx_word' id='word_1_194' title='bbox 81 1886 116 1912; x_wconf 85' lang='lat'><strong>25</strong></span> <span class='ocrx_word' id='word_1_195' title='bbox 135 1881 180 1915; x_wconf 92' lang='lat' dir='ltr'><strong>ut</strong></span> <span class='ocrx_word' id='word_1_196' title='bbox 217 1877 421 1916; x_wconf 84' lang='lat' dir='ltr'><strong>excusatio</strong></span> <span class='ocrx_word' id='word_1_197' title='bbox 459 1876 576 1916; x_wconf 88' lang='lat' dir='ltr'><strong>nobis</strong></span> <span class='ocrx_word' id='word_1_198' title='bbox 615 1879 719 1917; x_wconf 88' lang='lat' dir='ltr'><strong>iusta</strong></span> <span class='ocrx_word' id='word_1_199' title='bbox 752 1890 832 1917; x_wconf 91' lang='lat' dir='ltr'><strong>non</strong></span> <span class='ocrx_word' id='word_1_200' title='bbox 872 1878 989 1919; x_wconf 87' lang='lat' dir='ltr'><strong>desit.</strong></span> <span class='ocrx_word' id='word_1_201' title='bbox 1052 1879 1242 1934; x_wconf 67' lang='lat' dir='ltr'><strong>quocirca</strong></span> <span class='ocrx_word' id='word_1_202' title='bbox 1281 1877 1520 1919; x_wconf 80' lang='lat' dir='ltr'><strong>salutatione</strong></span> 
     </span>
     <span class='ocr_line' id='line_1_27' title="bbox 135 1936 1521 1993; baseline 0.003 -18"><span class='ocrx_word' id='word_1_203' title='bbox 135 1936 329 1990; x_wconf 87' lang='lat' dir='ltr'><strong>praefata,</strong></span> <span class='ocrx_word' id='word_1_204' title='bbox 369 1938 473 1976; x_wconf 87' lang='lat' dir='ltr'><strong>sicut</strong></span> <span class='ocrx_word' id='word_1_205' title='bbox 510 1943 596 1977; x_wconf 82' lang='lat' dir='ltr'><strong>mo&#39;s</strong></span> <span class='ocrx_word' id='word_1_206' title='bbox 634 1939 766 1990; x_wconf 87' lang='lat' dir='ltr'><strong>poscit</strong></span> <span class='ocrx_word' id='word_1_207' title='bbox 804 1938 944 1993; x_wconf 86' lang='lat' dir='ltr'><strong>officii,</strong></span> <span class='ocrx_word' id='word_1_208' title='bbox 989 1951 1133 1992; x_wconf 84' lang='lat' dir='ltr'><strong>magno</strong></span> <span class='ocrx_word' id='word_1_209' title='bbox 1173 1951 1295 1992; x_wconf 90' lang='lat' dir='ltr'><strong>opere</strong></span> <span class='ocrx_word' id='word_1_210' title='bbox 1333 1938 1521 1993; x_wconf 90' lang='lat' dir='ltr'><strong>deposcO,</strong></span> 
     </span>
    </p>

    <p class='ocr_par' dir='ltr' id='par_1_7' title="bbox 90 1998 1521 2115">
     <span class='ocr_line' id='line_1_28' title="bbox 90 1998 1521 2040; baseline 0.003 -5"><span class='ocrx_word' id='word_1_211' title='bbox 90 2015 92 2017; x_wconf 57' lang='lat'>&gt;</span> <span class='ocrx_word' id='word_1_212' title='bbox 136 2002 181 2035; x_wconf 87' lang='lat' dir='ltr'><strong>ut</strong></span> <span class='ocrx_word' id='word_1_213' title='bbox 218 1998 381 2036; x_wconf 86' lang='lat' dir='ltr'><strong>interim</strong></span> <span class='ocrx_word' id='word_1_214' title='bbox 419 1999 634 2038; x_wconf 83' lang='lat' dir='ltr'><strong>remittatis</strong></span> <span class='ocrx_word' id='word_1_215' title='bbox 674 2000 924 2039; x_wconf 88' lang='lat' dir='ltr'><strong>occursionis</strong></span> <span class='ocrx_word' id='word_1_216' title='bbox 964 1999 1145 2040; x_wconf 90' lang='lat' dir='ltr'><strong>debitum</strong></span> <span class='ocrx_word' id='word_1_217' title='bbox 1186 1999 1250 2039; x_wconf 90' lang='lat' dir='ltr'><strong>vel</strong></span> <span class='ocrx_word' id='word_1_218' title='bbox 1286 1999 1408 2040; x_wconf 90' lang='lat' dir='ltr'><strong>verba</strong></span> <span class='ocrx_word' id='word_1_219' title='bbox 1442 1998 1521 2040; x_wconf 89' lang='lat' dir='ltr'><strong>sol—</strong></span> 
     </span>
     <span class='ocr_line' id='line_1_29' title="bbox 138 2058 1521 2115; baseline 0.004 -20"><span class='ocrx_word' id='word_1_220' title='bbox 138 2058 257 2096; x_wconf 85' lang='lat' dir='ltr'><strong>venti.</strong></span> <span class='ocrx_word' id='word_1_221' title='bbox 320 2070 412 2097; x_wconf 89' lang='lat' dir='ltr'><strong>nam</strong></span> <span class='ocrx_word' id='word_1_222' title='bbox 451 2059 486 2097; x_wconf 91' lang='lat' dir='ltr'><strong>si</strong></span> <span class='ocrx_word' id='word_1_223' title='bbox 524 2059 776 2098; x_wconf 89' lang='lat' dir='ltr'><strong>commeandi</strong></span> <span class='ocrx_word' id='word_1_224' title='bbox 814 2058 980 2099; x_wconf 86' lang='lat' dir='ltr'><strong>libertas</strong></span> <span class='ocrx_word' id='word_1_225' title='bbox 1020 2072 1118 2112; x_wconf 88' lang='lat' dir='ltr'><strong>pace</strong></span> <span class='ocrx_word' id='word_1_226' title='bbox 1152 2059 1385 2115; x_wconf 68' lang='lat' dir='ltr'><strong>revocetur,</strong></span> <span class='ocrx_word' id='word_1_227' title='bbox 1421 2059 1521 2100; x_wconf 94' lang='lat' dir='ltr'><strong>illud</strong></span> 
     </span>
    </p>
   </div>
   <div class='ocr_carea' id='block_1_5' title="bbox 139 2207 1525 2356">
    <p class='ocr_par' dir='ltr' id='par_1_8' title="bbox 139 2207 1525 2356">
     <span class='ocr_line' id='line_1_30' title="bbox 236 2207 1525 2259; baseline 0.006 -16"><span class='ocrx_word' id='word_1_228' title='bbox 236 2212 256 2243; x_wconf 83' lang='grc'>9</span> <span class='ocrx_word' id='word_1_229' title='bbox 284 2207 420 2244; x_wconf 80' lang='lat' dir='ltr'><strong>iuratis</strong></span> <span class='ocrx_word' id='word_1_230' title='bbox 447 2210 527 2245; x_wconf 82' lang='lat' dir='ltr'><strong>LT</strong></span> <span class='ocrx_word' id='word_1_231' title='bbox 563 2212 574 2256; x_wconf 80' lang='grc' dir='ltr'><strong>ΙΙ</strong></span> <span class='ocrx_word' id='word_1_232' title='bbox 616 2215 658 2246; x_wconf 87' lang='grc'><strong>13</strong></span> <span class='ocrx_word' id='word_1_233' title='bbox 686 2222 761 2256; x_wconf 89' lang='lat' dir='ltr'><strong>quo</strong></span> <span class='ocrx_word' id='word_1_234' title='bbox 794 2213 917 2257; x_wconf 86' lang='lat' dir='ltr'><strong>codd.,</strong></span> <span class='ocrx_word' id='word_1_235' title='bbox 949 2223 1063 2257; x_wconf 87' lang='lat' dir='ltr'><strong>quem</strong></span> <span class='ocrx_word' id='word_1_236' title='bbox 1089 2213 1352 2259; x_wconf 77' lang='lat' dir='ltr'><strong>Luetjohann;</strong></span> <span class='ocrx_word' id='word_1_237' title='bbox 1387 2213 1451 2250; x_wconf 82' lang='lat' dir='ltr'><strong>sed</strong></span> <span class='ocrx_word' id='word_1_238' title='bbox 1476 2214 1525 2259; x_wconf 84' lang='lat' dir='ltr'><strong>cf.</strong></span> 
     </span>
     <span class='ocr_line' id='line_1_31' title="bbox 139 2256 1523 2310; baseline 0.004 -19"><span class='ocrx_word' id='word_1_239' title='bbox 139 2256 352 2308; x_wconf 54' lang='lat' dir='ltr'><strong>Rurimep.</strong></span> <span class='ocrx_word' id='word_1_240' title='bbox 373 2259 432 2302; x_wconf 85' lang='lat' dir='ltr'><strong>II,</strong></span> <span class='ocrx_word' id='word_1_241' title='bbox 451 2261 504 2294; x_wconf 76' lang='lat'><strong>29</strong></span> <span class='ocrx_word' id='word_1_242' title='bbox 536 2258 583 2294; x_wconf 86' lang='lat' dir='ltr'><strong>de</strong></span> <span class='ocrx_word' id='word_1_243' title='bbox 617 2270 751 2305; x_wconf 77' lang='lat' dir='ltr'><strong>causa,</strong></span> <span class='ocrx_word' id='word_1_244' title='bbox 785 2271 861 2304; x_wconf 75' lang='lat' dir='ltr'><strong>qua,</strong></span> <span class='ocrx_word' id='word_1_245' title='bbox 892 2260 987 2295; x_wconf 88' lang='lat' dir='ltr'><strong>mihi</strong></span> <span class='ocrx_word' id='word_1_246' title='bbox 1014 2261 1180 2297; x_wconf 86' lang='lat' dir='ltr'><strong>scribere</strong></span> <span class='ocrx_word' id='word_1_247' title='bbox 1214 2261 1367 2308; x_wconf 75' lang='lat' dir='ltr'><strong>dignati</strong></span> <span class='ocrx_word' id='word_1_248' title='bbox 1392 2260 1485 2298; x_wconf 72' lang='lat' dir='ltr'><strong>estis</strong></span> <span class='ocrx_word' id='word_1_249' title='bbox 1511 2262 1523 2310; x_wconf 82' lang='grc' dir='ltr'>Η</span> 
     </span>
     <span class='ocr_line' id='line_1_32' title="bbox 142 2305 1522 2356; baseline 0.005 -17"><span class='ocrx_word' id='word_1_250' title='bbox 142 2309 185 2340; x_wconf 82' lang='grc'><strong>17</strong></span> <span class='ocrx_word' id='word_1_251' title='bbox 213 2305 378 2350; x_wconf 80' lang='lat' dir='ltr'><strong>contigit</strong></span> <span class='ocrx_word' id='word_1_252' title='bbox 402 2307 489 2342; x_wconf 90' lang='lat' dir='ltr'><strong>LN</strong></span> <span class='ocrx_word' id='word_1_253' title='bbox 496 2307 537 2353; x_wconf 84' lang='lat' dir='ltr'><strong>T,</strong></span> <span class='ocrx_word' id='word_1_254' title='bbox 566 2307 758 2354; x_wconf 82' lang='lat' dir='ltr'><strong>contingit</strong></span> <span class='ocrx_word' id='word_1_255' title='bbox 783 2309 833 2343; x_wconf 86' lang='lat' dir='ltr'>M</span> <span class='ocrx_word' id='word_1_256' title='bbox 839 2309 870 2344; x_wconf 81' lang='lat' dir='ltr'><em>C</em></span> <span class='ocrx_word' id='word_1_257' title='bbox 885 2310 895 2355; x_wconf 87' lang='grc' dir='ltr'><strong>ΙΙ</strong></span> <span class='ocrx_word' id='word_1_258' title='bbox 917 2311 961 2344; x_wconf 88' lang='grc'><strong>18</strong></span> <span class='ocrx_word' id='word_1_259' title='bbox 989 2321 1093 2346; x_wconf 84' lang='lat' dir='ltr'><strong>meas</strong></span> <span class='ocrx_word' id='word_1_260' title='bbox 1120 2321 1187 2347; x_wconf 89' lang='lat' dir='ltr'><strong>om.</strong></span> <span class='ocrx_word' id='word_1_261' title='bbox 1219 2310 1341 2356; x_wconf 74' lang='lat'>01123</span> <span class='ocrx_word' id='word_1_262' title='bbox 1369 2321 1522 2346; x_wconf 84' lang='lat' dir='ltr'><strong>excusa-</strong></span> 
     </span>
    </p>
   </div>
   <div class='ocr_carea' id='block_1_6' title="bbox 139 2354 1585 2405">
    <p class='ocr_par' dir='ltr' id='par_1_9' title="bbox 139 2354 1585 2405">
     <span class='ocr_line' id='line_1_33' title="bbox 139 2354 1585 2405; baseline 0.006 -19"><span class='ocrx_word' id='word_1_263' title='bbox 139 2363 267 2387; x_wconf 86' lang='lat' dir='ltr'><strong>remur</strong></span> <span class='ocrx_word' id='word_1_264' title='bbox 293 2354 337 2388; x_wconf 91' lang='lat' dir='ltr'><em>N</em></span> <span class='ocrx_word' id='word_1_265' title='bbox 341 2354 391 2388; x_wconf 88' lang='lat' dir='ltr'>M</span> <span class='ocrx_word' id='word_1_266' title='bbox 398 2354 475 2399; x_wconf 80' lang='lat' dir='ltr'><strong>OT,</strong></span> <span class='ocrx_word' id='word_1_267' title='bbox 508 2355 762 2391; x_wconf 81' lang='lat' dir='ltr'><strong>iudicaremur</strong></span> <span class='ocrx_word' id='word_1_268' title='bbox 788 2356 823 2391; x_wconf 91' lang='lat' dir='ltr'><strong><em>L</em></strong></span> <span class='ocrx_word' id='word_1_269' title='bbox 840 2356 872 2389; x_wconf 91' lang='lat' dir='ltr'><strong><em>V</em></strong></span> <span class='ocrx_word' id='word_1_270' title='bbox 881 2372 893 2401; x_wconf 85' lang='lat'><strong>,·</strong></span> <span class='ocrx_word' id='word_1_271' title='bbox 920 2359 966 2399; x_wconf 80' lang='lat' dir='ltr'><strong>cf.</strong></span> <span class='ocrx_word' id='word_1_272' title='bbox 994 2358 1126 2396; x_wconf 77' lang='lat' dir='ltr'><strong>Rwric.</strong></span> <span class='ocrx_word' id='word_1_273' title='bbox 1153 2370 1207 2405; x_wconf 75' lang='lat' dir='ltr'><strong>ep.</strong></span> <span class='ocrx_word' id='word_1_274' title='bbox 1228 2359 1264 2405; x_wconf 87' lang='lat' dir='ltr'><strong>I,</strong></span> <span class='ocrx_word' id='word_1_275' title='bbox 1283 2361 1310 2396; x_wconf 78' lang='lat'><em>2</em></span> <span class='ocrx_word' id='word_1_276' title='bbox 1336 2358 1385 2394; x_wconf 78' lang='lat' dir='ltr'><strong>ad</strong></span> <span class='ocrx_word' id='word_1_277' title='bbox 1412 2370 1524 2395; x_wconf 87' lang='lat' dir='ltr'><strong>excu-</strong></span> <span class='ocrx_word' id='word_1_278' title='bbox 1576 2388 1585 2393; x_wconf 61' lang='lat'>„</span> 
     </span>
    </p>
   </div>
   <div class='ocr_carea' id='block_1_7' title="bbox 142 2400 979 2451">
    <p class='ocr_par' dir='ltr' id='par_1_10' title="bbox 142 2400 979 2451">
     <span class='ocr_line' id='line_1_34' title="bbox 142 2400 979 2451; baseline 0.007 -16"><span class='ocrx_word' id='word_1_279' title='bbox 142 2400 282 2436; x_wconf 76' lang='lat' dir='ltr'><strong>sandas</strong></span> <span class='ocrx_word' id='word_1_280' title='bbox 310 2403 634 2441; x_wconf 75' lang='lat' dir='ltr'><strong>excusationeset</strong></span> <span class='ocrx_word' id='word_1_281' title='bbox 660 2404 797 2440; x_wconf 78' lang='lat' dir='ltr'><strong>Psazm.</strong></span> <span class='ocrx_word' id='word_1_282' title='bbox 820 2408 906 2450; x_wconf 72' lang='lat'><strong>140,</strong></span> <span class='ocrx_word' id='word_1_283' title='bbox 926 2409 949 2441; x_wconf 79' lang='lat'><em>4</em></span> <span class='ocrx_word' id='word_1_284' title='bbox 968 2407 979 2451; x_wconf 82' lang='grc' dir='ltr'>Η</span> 
     </span>
    </p>
   </div>
  </div>
 </body>
</html>
