1592 2612
106 36 119 41 A·
132 34 141 41 fl
185 35 186 38 ,
199 38 202 40 .
260 35 266 40 η

88 41 132 54 Ν
147 41 176 58 ‚.'
187 43 225 59 s‘ffss
234 44 241 55 λ.
263 56 282 58 ⁷.
314 38 331 47 ,κ

129 54 132 59 ⁴
146 61 155 72 ’Ἰ
164 63 170 65 -
189 53 262 75 1:5²¹
274 55 278 62 κ

274 141 505 182 SIDONIUS
529 137 815 179 VOLUSIANO
841 140 1028 178 FRATRI
1052 140 1294 178 SALUTEM.
1393 141 1483 184 169

92 245 273 286 cbralem
302 244 501 286 luctuosis
527 243 776 285 carminibus
801 243 1040 284 inscribere.
1073 242 1264 284 celeriter
1287 244 1483 284 iniunctis

93 305 391 361 obsecundabo,
415 318 507 347 cum
532 309 603 346 tua
627 309 781 345 tractus
806 305 1059 358 auctoritate,
1084 309 1172 353 tum
1202 303 1484 358 principaliter

93 366 335 421 amplissimi
362 368 442 407 viri
463 366 632 407 Victorii
658 367 820 406 comitis
846 365 1058 406 devotione
1084 369 1341 420 praeventus,
1360 377 1483 418 quem

93 429 183 469 iure
225 426 424 468 saeculari
462 431 679 480 patronum
684 458 697 480 ,
738 428 828 467 iure
872 426 1148 467 ecclesiastic-o
1180 425 1309 466 filium
1341 425 1482 466 excolo

94 493 140 530 ut
171 487 315 542 cliens,
342 493 390 529 ut
419 493 536 541 pater
567 487 708 541 dilig03
750 488 822 540 qui
850 488 952 527 vsatis
984 487 1133 540 docuit,
1165 499 1268 540 quae
1301 490 1381 531 sibi
1412 499 1482 534 aut
1519 499 1539 526 5

94 548 225 603 qualis
257 560 354 602 erga
383 548 556 589 famulos
582 548 734 589 Christi
760 560 856 588 cura
881 548 1069 602 ferveret,
1095 561 1188 589 cum
1211 555 1348 591 torum
1374 554 1482 595 circa

94 608 376 651 decumbentis
407 610 620 663 antistitis,
651 621 734 649 non
765 608 1003 661 dignitatem
1034 611 1170 650 minus
1202 623 1323 663 quam
1354 625 1481 655 mem-

92 670 167 711 bra
199 675 388 712 curvatus
421 683 468 711 ac
500 682 623 723 supra
653 669 809 710 vultum
840 671 1068 723 propinqua
1100 676 1231 711 morte
1262 671 1480 725 pallentem

93 730 233 772 dolore
265 730 456 772 concolor
487 731 631 784 factus,
662 730 759 783 quid
785 731 872 770 viro
904 729 1036 782 vellet,
1068 730 1246 772 lacrimis
1278 733 1482 776 indicibus

94 791 339 832 ostenderet.
415 790 455 832 2.
494 796 536 832 et
577 792 672 844 quia
713 790 793 831 sibi
835 792 1031 831 maximas
1080 791 1276 833 humandi
1326 794 1483 836 funeris
1503 803 1541 830 1⁰

93 857 232 906 partes
263 853 352 906 ipse
384 853 627 906 praeripuit,
658 856 788 892 totum
820 856 1015 904 apparatu
1047 856 1375 906 supercurrentis
1406 858 1481 896 im-

91 913 234 967 pendii
277 912 384 966 quod
429 912 654 953 funerando
700 912 902 952 sacerdoti
943 918 1194 966 competeret
1230 916 1483 971 impertiens,

96 973 230 1014 saltim
257 973 307 1014 ad
339 972 581 1026 obsequium
613 985 715 1025 quae
748 978 1032 1013 remanserunt
1068 973 1191 1014 verba
1223 976 1483 1032 conferimus,

94 1034 199 1075 nihil
229 1033 339 1075 aliud
371 1035 577 1074 exaraturi
609 1033 692 1073 stili
724 1033 943 1086 scalpentis
974 1035 1177 1087 impressu
1218 1048 1337 1088 quam
1368 1039 1482 1078 testi-

91 1096 276 1136 monium
300 1099 465 1135 mutuae
497 1094 739 1135 dilectionis.
785 1098 965 1134 ceterum
991 1096 1069 1135 viri
1100 1108 1236 1136 mores
1264 1102 1376 1150 gesta
1402 1100 1481 1138 vir·
1503 1105 1540 1132 15

95 1160 205 1196 tutes
254 1154 538 1208 indignissime
594 1167 779 1195 meorum
829 1154 981 1195 vilitate
1033 1155 1235 1196 dictorum
1283 1158 1482 1210 pondera-

90 1215 255 1257 buntur.

182 1301 385 1342 Abraham
417 1302 567 1342 sanctis
599 1302 746 1341 merito
779 1300 969 1341 sociande
1000 1303 1202 1356 patronis,

277 1374 379 1415 quos
410 1362 486 1402 tibi
518 1360 691 1414 collegas
724 1361 860 1402 dicere
892 1374 975 1401 non
1007 1362 1227 1417 trepidem3

183 1434 278 1462 nam
309 1423 370 1463 sic
400 1422 667 1475 praecedunt,
699 1427 744 1462 ut
774 1434 869 1462 mox
901 1427 1035 1462 tamen
1068 1424 1155 1475 ipse
1189 1436 1378 1477 sequare:

276 1482 344 1522 dat
374 1488 532 1535 partem
564 1483 680 1534 regni
711 1484 844 1535 portio
877 1484 1071 1535 martyrii.

130 1552 152 1584 5
185 1548 304 1583 natus
336 1542 385 1583 ad
417 1542 669 1596 Euphraten,
701 1555 774 1594 pro
808 1542 969 1582 Christo
1002 1543 1204 1595 ergastula
1235 1557 1379 1597 passus

276 1608 318 1644 et
349 1601 641 1656 quinquennali
671 1602 830 1643 vincula
861 1602 949 1643 laxa
982 1604 1104 1657 fame,

185 1663 346 1717 elapsus
378 1665 466 1717 regi
496 1663 726 1704 truculento
759 1663 918 1703 Susidis
950 1676 1044 1704 orae

278 1725 491 1766 occiduum
522 1737 717 1778 properas
750 1724 860 1764 solus
892 1725 940 1764 ad
974 1737 1103 1778 usque
1137 1724 1279 1765 solum.

186 1786 258 1827 sed
290 1786 566 1827 consessorem
597 1786 793 1826 virtutum
825 1786 938 1838 signa
972 1791 1198 1839 sequuntur

109 1856 155 1888 10
280 1845 573 1900 spiritibusque
605 1845 722 1886 malis
754 1845 855 1900 fers,
888 1847 1072 1901 fugitive,
1105 1846 1250 1899 sugam.

187 1920 345 1961 quaque
378 1908 511 1960 venis,
542 1906 763 1947 Lemurum
797 1918 839 1946 se
872 1907 1016 1948 clamat
1048 1906 1192 1948 cedere
1225 1906 1362 1960 turba;

278 1968 495 2008 daemonas
527 1969 586 2007 ire
619 1966 736 2008 iubes
769 1967 862 2008 exul
894 1969 937 2008 in
970 1967 1146 2008 exilium.

0 2056 12 2081 =,;
189 2030 393 2083 expeteris
426 2030 602 2082 cunetis,
633 2040 708 2068 nec
740 2032 780 2068 te
814 2030 921 2082 capit
952 2028 1127 2069 ambitus
1160 2027 1285 2081 ullus;

0 2083 15 2133 Ξ
279 2094 341 2129 est
371 2088 446 2129 tibi
479 2088 634 2129 delatus
666 2088 758 2142 plus
791 2101 988 2129 onerosus
1020 2089 1159 2129 honor.

0 2142 19 2157 '²'
110 2158 154 2191 15
186 2149 405 2190 Romuleos
439 2149 591 2201 refugis
623 2148 945 2202 Byzantinosque
979 2150 1160 2202 fragores

280 2215 399 2263 atque
435 2210 658 2262 sagittifero
690 2211 849 2250 moenia
883 2211 1005 2250 fracta
1038 2210 1140 2249 Tito.

9 2307 17 2319 Α
187 2283 329 2311 murus
362 2269 577 2310 Alexandri
609 2275 648 2310 te
681 2282 762 2310 non
794 2276 905 2310 tenet
937 2270 1221 2323 Antiochique3

0 2343 21 2383 Ξ
280 2332 439 2384 spernis
472 2330 651 2370 Elisseae
683 2330 847 2384 Byrsica
880 2335 983 2371 tecta
1018 2330 1170 2370 domus.

0 2391 41 2612 ἱ
196 2439 239 2471 11
267 2436 393 2471 totum
418 2446 445 2471 s.
474 2435 496 2471 l.
523 2434 610 2470 add.
639 2434 699 2470 Ml
723 2438 729 2480 1
753 2436 980 2480 apparatum
1008 2434 1057 2469 M
1071 2437 1083 2480 ξι
