1592 2612
356 116 590 167 smoums
609 102 822 153 mammo
849 115 944 153 suo
971 115 1216 153 SALUTEM.

256 227 302 262 65
333 218 366 259 E
398 219 546 273 quibus
579 212 757 272 primum
788 218 889 258 mihi
920 217 1063 271 psallat
1093 218 1285 273 hymnus,

342 281 413 333 qui
443 279 673 320 Tolosatem
704 280 837 320 tenuit
868 278 1118 333 cathedram,

342 340 392 381 de
424 340 552 394 gradu
585 353 740 380 summo
774 339 1064 393 Capitoliorum

504 402 813 455 praecipitatum
822 415 833 454 3

341 497 470 545 Quem
501 502 736 551 negatorem
768 497 872 538 Iovis
905 509 951 538 ac
982 497 1185 537 Minervae

261 566 307 599 70
339 563 380 599 et
412 560 545 599 crucis
568 557 731 607 Christi
761 557 867 598 bona
900 558 1161 598 confitentem

340 620 469 659 vinxit
501 619 550 660 ad
581 620 690 660 tauri
721 615 824 659 latus
858 620 1030 671 iniugati

506 679 622 733 plebs
654 678 889 733 furibunda,

343 775 395 816 Ut
425 789 499 830 per
531 776 748 829 abruptum
780 775 880 816 hove
914 771 1113 816 concitato

344 842 552 890 spargeret
583 849 728 877 cursus
759 835 938 877 lacerum
971 836 1141 876 cadaver

262 905 309 940 75
341 895 526 938 cautibus
557 898 696 938 tinctis
730 896 858 937 calida
889 896 1012 937 soluti

509 957 620 1012 pulte
654 957 824 998 cerebri.

343 1054 439 1095 Post
471 1054 734 1095 Saturninum
765 1054 854 1095 volo
886 1054 1041 1108 plectra
1073 1059 1253 1109 cantent,

344 1127 445 1168 quos
477 1120 742 1169 patronorum
773 1115 954 1168 reliquos
986 1114 1153 1168 probavi

346 1177 464 1216 anxio
496 1176 619 1216 duros
651 1176 753 1216 mihi
784 1188 858 1229 per
890 1175 1049 1216 labores

259 1244 307 1278 80
510 1236 735 1291 auxiliatos,

345 1332 534 1386 Singulos
568 1346 668 1386 quos
700 1345 809 1374 nunc
839 1334 906 1386 pia
937 1334 1202 1387 nuncupatim

314 1406 427 1439 ,non
458 1393 591 1434 valent
621 1406 742 1434 versu
775 1393 964 1434 cohibere
997 1393 1135 1448 verba3

348 1466 449 1506 quos
481 1458 616 1494 tamen
648 1454 821 1494 chordae
853 1459 1062 1507 nequeunt
1094 1467 1257 1509 sonare,

510 1514 632 1554 corda
665 1514 874 1555 sonabunt.
996 1511 1002 1517 ⁴

100 1865 292 1906 videatur.
349 1865 447 1906 vale.

1387 114 1477 158 237

188 1619 230 1663 4.
255 1622 468 1663 redeamus
488 1624 531 1663 in
550 1623 628 1663 fine
649 1623 698 1664 ad
726 1625 947 1663 oratorium
974 1623 1112 1664 stilum
1130 1624 1341 1664 materiam
1366 1636 1482 1676 prae-

101 1688 256 1724 sentem
286 1685 493 1737 proposito
527 1678 653 1724 semel
685 1684 826 1724 ordine
858 1685 1127 1738 terminaturi,
1154 1697 1219 1739 ne,
1245 1685 1281 1724 si
1313 1684 1482 1738 epilogis
1534 1704 1541 1712 ·

98 1745 265 1785 musicis
310 1756 411 1797 opus
455 1746 682 1797 prosarium
727 1744 1011 1799 clauserimus,
1056 1744 1279 1785 secundum
1322 1744 1482 1798 regulas

99 1803 249 1859 Flacci,
289 1804 360 1845 ubi
392 1805 582 1858 amphora
616 1807 748 1859 coepit
779 1806 956 1860 institui,
994 1818 1143 1846 urceus
1181 1807 1316 1859 potius
1350 1807 1481 1846 exisse

201 1999 218 2030 1
246 1994 319 2030 fine
346 1994 606 2041 LuetJ'oha‘nn,
631 1993 745 2031 finem
770 1995 876 2032 codd.
896 1996 949 2042 114
975 1995 1023 2041 cf.
1050 1994 1187 2032 Horat.
1214 2007 1250 2031 α.
1273 2006 1313 2041 p.
1335 1996 1448 2042 21sq.
1476 1994 1487 2042 Ῠξ

1504 1877 1521 1905 5
