1592 2612
86 803 120 829 10

88 1102 121 1130 15

89 1404 124 1430 20

90 1703 124 1730 25

137 145 196 188 24
637 143 785 179 LIBER
809 142 1004 179 PRIMUS.

141 248 328 299 cognosci
366 245 524 286 claritas
562 246 695 286 vitrici
726 246 853 297 magis
887 257 1006 297 quam
1037 245 1164 297 patris
1203 244 1364 300 fecerit,
1402 245 1516 286 iden-

139 307 263 347 tidem
294 311 427 346 tamen
459 318 532 359 per
563 306 621 346 fas
652 305 844 358 nefasque
872 317 1055 345 crescere
1082 305 1274 346 affectans
1299 308 1516 359 pecuniae-

141 380 217 420 que
249 379 322 420 per
363 367 566 406 avaritiam
597 378 761 419 parcus,
799 378 872 419 per
910 364 1104 405 ambitum
1135 365 1341 419 prodigus.
1403 379 1516 407 nam-

141 440 216 480 que
261 432 306 467 ut
352 426 521 466 familiae
568 427 768 479 superiori
811 438 884 479 per
928 425 1049 465 filiam
1095 425 1228 466 saltim
1273 439 1516 481 quamquam

140 488 463 527 honestissimam
514 488 767 540 iungeretur,
818 491 957 526 contra
1007 487 1184 539 rigorem
1228 488 1346 528 civici
1390 489 1518 528 moris

142 547 406 601 splendidam,
450 552 495 587 ut
535 547 687 600 ferunt,
734 547 868 586 dotem
907 546 1098 587 Chremes
1136 552 1276 588 noster
1307 547 1532 602 Pamphilo,

141 620 212 648 suo
257 607 421 647 dixerat.
485 606 523 648 6.
557 620 729 660 cumque
775 607 823 647 de
869 607 1115 660 capessendo
1155 608 1380 650 diademate
1421 622 1515 650 con—

140 669 284 708 iuratio
322 667 573 719 Marcelliana
611 673 870 721 coqueretur,
914 667 1111 708 nobilium
1152 669 1352 710 iuventuti
1390 671 1516 723 signi-

140 729 269 768 ferum
301 740 388 767 sese
421 729 463 767 in
495 728 666 768 factione
698 728 958 782 praebuerat,
998 728 1117 768 homo
1150 729 1280 770 adbuc
1311 742 1440 771 novus
1473 732 1516 771 in

141 792 363 842 senectute,
414 788 540 828 donec
591 788 802 841 aliquando
852 793 1019 842 propter
1063 791 1340 842 experimenta
1383 790 1518 832 felicis

140 848 326 888 audaciae
357 848 549 888 natalium
581 850 668 889 eius
702 848 938 890 obscuritati
971 849 1082 890 dedit
1112 849 1263 891 hiantis
1290 852 1517 905 interregni

139 910 240 948 rima
278 908 483 961 fulgorem.
546 922 638 949 nam
681 913 845 950 vacante
891 910 979 950 aula
1022 910 1263 965 turbataque
1307 912 1517 965 republica

140 968 250 1009 solus
281 970 466 1009 inventus
499 974 572 1024 est,
606 971 675 1022 qui
707 969 755 1010 ad
788 969 934 1010 Gallias
967 970 1306 1013 administrandas
1338 972 1516 1014 fascibus

140 1030 252 1081 prius
286 1041 404 1081 quam
443 1029 636 1069 codicillis
676 1042 797 1070 ausus
836 1032 991 1084 accingi
1023 1031 1233 1073 mensibus
1272 1033 1410 1074 multis
1442 1035 1516 1074 tri-

140 1088 261 1129 bunal
297 1089 528 1130 inlustrium
564 1094 807 1143 potestatum
846 1091 1076 1144 spectabilis
1107 1094 1337 1146 praefectus
1375 1106 1516 1135 escen-

142 1149 266 1203 deret,
298 1162 400 1190 anno
432 1154 592 1202 peracto
625 1150 790 1191 militiae
824 1156 1026 1193 extremae
1059 1155 1280 1209 terminum
1311 1155 1419 1195 circa
1449 1156 1517 1195 vix

140 1209 370 1258 honoratus,
414 1212 735 1251 numerariorum
778 1224 890 1252 more
936 1225 1007 1253 seu
1044 1215 1181 1266 potius
1221 1214 1518 1270 advocatorum,

143 1281 313 1322 quorum
345 1283 435 1310 cum
467 1271 661 1311 finiuntur
693 1273 887 1326 actiones,
925 1278 1020 1313 tunc
1052 1275 1255 1328 incipiunt
1285 1275 1515 1329 dignitates.

145 1328 182 1370 7.
215 1331 337 1382 igitur
367 1331 443 1370 iste
477 1332 534 1371 sic
566 1332 867 1387 praefectorius,
901 1335 958 1374 sic
985 1339 1158 1390 senator,
1191 1337 1307 1376 cuius
1334 1336 1518 1377 moribus

145 1390 249 1442 quod
282 1392 493 1442 praeconia
526 1394 791 1445 competentia
823 1406 903 1434 non
936 1407 984 1434 ex
1017 1408 1106 1435 asse
1138 1396 1339 1451 persolvo,
1377 1399 1518 1450 generi

144 1451 206 1489 sui
244 1450 423 1490 moribus
464 1451 609 1506 debeo,
653 1452 871 1494 multorum
909 1454 999 1508 plus
1038 1469 1158 1509 quam
1195 1456 1394 1498 bonorum
1427 1458 1518 1498 odia

144 1513 356 1550 commovit
397 1511 524 1551 adhuc
561 1514 761 1565 ignoranti
792 1515 909 1569 mihi,
954 1515 1082 1557 adhuc
1121 1518 1267 1572 amico,
1311 1522 1518 1572 tamquam

144 1570 301 1610 saeculo
333 1583 422 1611 meo
455 1584 597 1612 canere
631 1573 739 1614 solus
771 1587 891 1615 versu
917 1576 1102 1618 valerem.
1159 1579 1277 1618 venio
1303 1578 1519 1634 Arelatem,

143 1629 199 1670 nil
232 1630 358 1670 adhuc
392 1627 516 1687 (unde
550 1629 706 1690 enim?)
739 1637 962 1691 suspicans,
996 1650 1238 1691 quamquam
1269 1643 1436 1692 putarer
1468 1639 1519 1680 ab

142 1691 315 1730 inimicis
342 1704 421 1731 non
441 1692 659 1748 affupurus,
685 1707 730 1734 ac
755 1697 937 1749 principe
963 1703 1055 1750 post
1081 1698 1189 1739 diem
1208 1701 1295 1740 viso
1315 1701 1358 1740 in
1383 1700 1518 1741 forum

144 1762 191 1790 ex
223 1763 333 1790 more
366 1752 575 1794 descendo.
640 1754 745 1806 quod
776 1755 847 1796 ubi
878 1758 1009 1797 visum
1041 1763 1114 1813 est,
1145 1759 1239 1800 ilico
1270 1761 1441 1815 expavit,
1473 1766 1520 1801 ut

144 1811 198 1850 ait
234 1811 318 1865 ille,
361 1812 430 1852 nil
475 1813 674 1854 fortiter
719 1827 832 1856 ausa
878 1816 1070 1859 seditio,
1134 1819 1201 1860 alii
1241 1825 1376 1861 tamen
1417 1820 1519 1861 mihi

143 1870 232 1922 plus
266 1884 384 1924 quam
417 1873 578 1914 deceret
610 1874 658 1914 ad
691 1887 820 1926 genua
852 1877 1049 1933 provolvi3
1088 1878 1167 1934 alii,
1199 1893 1250 1921 ne
1283 1881 1520 1935 salutarent,

144 1931 281 1982 fugere
313 1937 403 1984 post
436 1938 598 1987 statuas,
631 1935 760 1975 occuli
790 1942 882 1988 post
914 1938 1137 1994 columnas;
1170 1940 1238 1980 alii
1267 1943 1407 1982 tristes
1431 1940 1518 1982 vul-

91 2005 126 2031 so
144 1992 329 2043 tuosique
362 1993 509 2033 iunctis
535 1994 634 2033 mihi
659 1994 851 2036 lateribus
878 1998 1077 2040 incedere.
1137 1999 1176 2042 8.
1209 2001 1276 2042 hic
1302 2014 1388 2056 ego,
1422 2001 1518 2054 qnid

242 2135 286 2167 27
312 2130 451 2168 Lucan.
473 2132 518 2178 V,
540 2137 609 2169 322
623 2146 676 2179 sq.

244 2185 261 2213 1
295 2179 439 2215 fecerat
469 2181 706 2226 Wouweren;
744 2185 806 2220 sed
840 2186 886 2229 cf.
923 2197 975 2232 ep.
1003 2188 1068 2233 II,
1088 2192 1126 2234 8,
1146 2192 1166 2224 1
1207 2188 1269 2224 cui
1307 2188 1483 2225 debuerit
1509 2190 1519 2230 T}

147 2228 167 2260 5
189 2237 261 2272 pro
287 2226 507 2273 iungeretur
525 2235 612 2275 post
636 2242 690 2276 sp.
712 2234 735 2267 5
761 2232 782 2267 l.
808 2244 840 2268 v.
867 2245 983 2279 ngere
1010 2236 1046 2271 L
1067 2237 1074 2282 Ι
1096 2237 1246 2284 contra]
1275 2238 1428 2273 caetera
1455 2238 1487 2274 Ο
1507 2238 1521 2287 Η

146 2276 167 2308 8
193 2275 440 2311 marcelliana
469 2277 506 2320 Ο,
534 2278 764 2314 marcellana
787 2280 919 2316 LMT
935 2283 946 2327 ss
969 2286 1011 2318 15
1039 2284 1261 2321 escenderet
1284 2285 1321 2321 L
1345 2289 1380 2322 et
1403 2289 1476 2332 (pr.
1498 2298 1519 2323 e

144 2333 236 2358 corr.
264 2324 306 2358 in
331 2334 353 2358 a
379 2325 423 2360 N
426 2324 515 2370 2)N,
540 2326 761 2363 ascenderet
785 2329 836 2363 M
840 2329 910 2365 OT
933 2332 944 2375 ΙΙ
971 2335 1014 2366 16
1043 2334 1236 2369 extremae
1261 2332 1426 2369 militiae
1455 2334 1487 2371 G
1508 2336 1518 2383 5}

146 2372 191 2404 18
212 2375 299 2416 post
324 2371 534 2416 dignitates
560 2385 612 2420 sp.
636 2376 661 2410 7
686 2376 708 2411 Z.
734 2387 768 2411 v.
795 2377 837 2412 in
862 2378 898 2413 L
923 2381 934 2424 ΙΙ
961 2383 1004 2415 19
1032 2379 1121 2428 iste]
1148 2380 1215 2416 ille
1245 2381 1368 2428 01123
1397 2382 1518 2419 arela-

144 2418 223 2454 tem
244 2419 331 2455 VM
337 2419 405 2455 GT
422 2425 456 2457 et
475 2424 619 2468 partim
638 2424 680 2459 in
698 2435 772 2460 ras.
793 2425 838 2460 N
839 2425 862 2471 ²,
890 2427 1033 2464 arelate
1054 2429 1089 2464 L
1108 2432 1120 2475 ΙΙ
