1592 2612
403 47 416 82 s,

378 92 397 122 ‚J

146 140 235 182 124
373 123 377 129 ‘
631 137 779 174 LIBER
805 137 1030 182 QUINTUS.

143 241 268 282 lenae.
332 240 429 281 illud
467 245 599 280 autem
638 238 773 293 ambo,
819 239 924 292 quod
963 241 1093 280 maius
1132 244 1195 280 est
1233 240 1422 294 quodque
1459 253 1525 282 me

143 314 273 354 nuper
309 302 351 341 in
390 301 588 353 quendam
626 300 713 340 dies
750 300 879 340 bonos
916 299 1020 340 male
1059 300 1259 340 ferentem
1295 301 1525 355 parabolice

145 374 217 402 seu
248 362 414 414 figurate
448 361 599 401 dictare
632 361 809 401 iussistis
837 360 1023 413 quodque
1050 360 1284 414 expeditum
1310 374 1400 403 cras
1426 362 1526 403 diri-

144 427 271 476 getur,
303 421 404 462 clam
430 425 657 475 recensete3
690 425 742 475 et,
775 422 811 461 si
835 420 979 475 placet,
1005 421 1171 462 edentes
1198 421 1348 477 fovete3
1381 424 1418 463 si
1443 422 1524 464 dis-

108 494 124 521 5
143 482 281 536 plicet,
314 481 493 522 delentes
525 482 776 534 ignoscitote.
827 480 924 521 vale.

745 635 908 679 XVIII.

410 717 639 754 SIDONIUS
664 718 858 755 ATTALO
886 718 979 756 SUO
1007 719 1248 758 SALUTEM.

228 794 414 835 Haeduae
453 796 605 835 civitati
648 799 687 835 te
732 796 967 848 praesidere
1008 798 1193 850 coepisse
1231 797 1364 840 libens
1402 804 1523 853 atque

139 867 230 894 cum
257 855 398 907 gaudio
430 857 578 908 accepi.
624 855 799 896 laetitiae
821 869 940 897 causa
961 857 1255 911 quadripertita
1274 863 1354 900 est:
1379 861 1523 915 prima,

139 915 244 967 quod
282 917 453 970 amicus3
492 916 689 970 secunda,
730 917 836 969 quod
875 919 1007 958 iustus
1041 931 1102 973 es3
1140 921 1279 974 tertia,
1318 921 1425 974 quod
1458 933 1522 962 se—

83 989 119 1014 10
138 987 278 1029 verus3
311 981 463 1030 quarta,
496 976 603 1028 quod
634 978 855 1030 proximus.
902 991 980 1031 quo
1014 979 1070 1033 fit,
1102 985 1147 1020 ut
1178 981 1330 1021 nostris
1362 986 1522 1022 nostro-

137 1047 307 1088 rumque
335 1036 606 1077 contractibus
632 1037 852 1090 plurimum
877 1038 977 1079 velis
998 1039 1146 1080 debeas
1166 1042 1300 1093 possis
1321 1042 1521 1095 opitulari.

137 1096 260 1147 igitur
291 1096 534 1149 amplectens
566 1099 610 1137 in
641 1098 827 1140 familiari
861 1104 1016 1140 vetusto
1043 1113 1192 1143 novum
1218 1102 1282 1142 ius
1307 1105 1521 1155 potestatis

137 1155 323 1209 indeptae
355 1158 564 1197 materiam
595 1157 805 1199 beneficiis
837 1161 918 1200 tuis
946 1162 1026 1201 iam
1052 1160 1122 1201 diu
1154 1174 1317 1215 quaero,
1373 1163 1522 1217 quibus

137 1228 201 1256 me
245 1221 400 1257 tantum
445 1217 569 1258 fidere
615 1231 804 1274 agnosce,
853 1225 917 1275 ut,
962 1223 1041 1262 etsi
1084 1234 1166 1262 non
1210 1224 1372 1263 invenio
1418 1237 1520 1277 quae

84 1289 118 1316 15
138 1288 312 1331 poscam,
345 1279 601 1330 quaesiturus
633 1279 734 1319 mihi
766 1280 940 1322 videaris
967 1283 1056 1335 ipse
1083 1295 1185 1336 quae
1212 1283 1380 1325 tribuas.
1422 1284 1520 1325 vale.

768 1435 886 1479 XIX.

390 1514 619 1552 SIDONIUS
646 1516 867 1554 PUDENTI
894 1518 986 1556 SUO
1015 1519 1259 1559 SALUTEM.

228 1587 264 1628 1.
297 1589 475 1632 Nutricis
508 1605 620 1633 meae
654 1594 778 1634 filiam
810 1595 917 1636 filius
949 1601 1042 1637 tuae
1074 1599 1226 1651 rapuit:
1266 1599 1424 1640 facinus
1457 1601 1517 1640 in-

135 1648 298 1701 dignum
344 1652 529 1705 quodque
574 1666 648 1694 nos
693 1668 844 1708 vosque
889 1658 1157 1713 inimicasset,
1205 1660 1287 1700 nisi
1331 1662 1519 1714 protinus

134 1711 302 1750 scissem
332 1716 371 1751 te
404 1715 584 1754 nescisse
611 1715 850 1756 faciendum.
904 1717 975 1758 sed
1002 1720 1275 1760 conscientiae
1301 1725 1394 1761 tuae
1420 1734 1517 1774 pur-

79 1783 114 1809 20
134 1771 290 1821 gatione
328 1772 504 1823 praelata
541 1779 679 1826 petere
719 1775 897 1828 dignaris
943 1778 1082 1832 culpae
1128 1779 1296 1821 calentis
1340 1783 1518 1834 impuni-

133 1834 265 1871 tatem.
329 1831 403 1871 sub
443 1833 679 1887 condicione
718 1837 914 1878 concedo:
954 1840 989 1879 si
1028 1845 1301 1892 stupratorem
1339 1854 1412 1895 pro
1447 1842 1515 1882 do-

132 1891 240 1929 mino
273 1892 352 1930 iam
383 1897 576 1944 patronus
609 1897 795 1948 originali
828 1898 956 1939 solvas
982 1900 1236 1952 inquilinatu.
1298 1900 1337 1942 2.
1369 1901 1518 1943 mulier

133 1954 266 1990 autem
309 1951 376 1991 illa
419 1954 498 1992 iam
542 1954 669 1995 libera
708 1961 787 2011 est3
833 1971 934 2010 quae
979 1964 1066 2000 tum
1111 1961 1275 2002 demum
1312 1962 1517 2003 videbitur

132 2021 212 2050 non
238 2010 413 2052 ludibrio
441 2013 598 2054 addicta
625 2016 694 2055 sed
722 2024 928 2071 assumpta
954 2022 1155 2076 coniugio,
1182 2024 1217 2062 si
1243 2035 1338 2064 reus
1364 2028 1516 2078 noster,

79 2083 112 2109 25
133 2082 205 2121 pro
239 2083 316 2123 quo
349 2075 542 2128 precaris,
574 2087 668 2115 mox
701 2076 826 2118 cliens
860 2079 988 2120 factus
1022 2094 1043 2121 e
1070 2082 1286 2123 tributario
1312 2083 1515 2137 plebeiam

132 2131 265 2181 potius
304 2133 471 2185 incipiat
508 2134 656 2175 habere
696 2150 910 2189 personam
950 2154 1069 2193 quam
1102 2143 1357 2184 colonariam.
1421 2157 1516 2184 nam

132 2201 262 2229 meam
294 2191 392 2232 haec
426 2193 510 2234 sola
543 2207 615 2235 seu
648 2200 884 2250 compositio
919 2212 991 2241 seu
1025 2204 1244 2244 satisfactio
1271 2204 1335 2244 vel
1360 2204 1515 2245 medio-

232 2321 252 2352 6
279 2318 377 2371 Italo
406 2321 437 2357 O
458 2324 469 2367 ΙΙ
503 2326 545 2357 11
573 2322 780 2369 plurimum
806 2326 895 2363 LN
901 2328 941 2374 Τ,
968 2329 1134 2374 primum
1168 2333 1256 2368 VM
1261 2332 1294 2369 0
1319 2334 1332 2380 ΙΙ
1366 2335 1410 2368 13
1435 2332 1514 2369 tuis

134 2363 328 2400 beneficus
352 2368 383 2404 O
397 2370 409 2414 ΙΙ
431 2373 474 2404 18
499 2381 566 2406 vos
586 2383 732 2418 nosque
752 2374 840 2410 MT
857 2378 868 2422 Η
888 2379 934 2412 20
961 2389 1012 2413 an
1034 2379 1234 2423 praelata?
1259 2381 1515 2428 Imetq‘oharm,

132 2413 280 2458 frustra
298 2415 310 2460 ΙΙ
330 2419 374 2450 22
403 2417 528 2453 solvas
555 2421 594 2466 (a,
618 2421 662 2457 in
686 2433 760 2458 ras.
784 2423 930 2470 M1)M,
956 2425 1080 2462 solves
1109 2428 1143 2464 T
1159 2429 1171 2475 ΙΙ
1192 2433 1236 2466 27
1257 2434 1347 2476 post
1364 2429 1427 2466 vel
1447 2430 1512 2478 leq.
1583 2427 1586 2429 ‘
