1592 2612
101 103 106 108 ⁷
137 128 226 171 184
622 122 770 159 LIBER
796 119 1032 158 ocrAvcs.

135 231 474 282 temperamento,
519 224 626 278 quod
669 236 751 264 non
797 222 927 263 solum
973 221 1069 274 quid
1113 219 1263 261 hahere
1309 219 1380 260 sed
1426 219 1524 273 quid

136 289 281 330 debeat
313 300 401 328 esse
429 285 668 326 consideret.
716 296 809 324 nam
836 285 871 323 si
897 283 1045 323 ceteris
1071 280 1269 322 nobilium
1295 280 1523 321 studiorum

135 350 293 391 artibus
325 347 546 400 repudiatis
581 344 664 385 sola
689 349 729 384 te
755 342 1035 397 propagandae
1068 343 1130 382 rei
1154 340 1366 381 familiaris
1391 342 1525 382 urtica

137 409 339 463 sollicitat,
372 407 466 447 licet
485 411 530 446 tu
552 405 769 445 deductum
795 416 942 444 nomen
969 416 991 443 a
1010 402 1164 443 trabeis
1191 406 1310 455 atque
1337 401 1526 442 eboratas

100 483 117 510 5
139 469 302 511 curules
341 472 380 508 et
420 467 658 520 gestatorias
698 465 917 505 bratteatas
951 468 992 504 et
1022 463 1147 503 fastos
1180 461 1335 503 recolas
1367 474 1520 516 purpu-

136 533 318 583 rissatos,
351 530 386 568 is
418 527 600 580 profecto
627 527 847 579 inveniere,
874 537 995 578 quem
1021 523 1166 564 debeat
1192 524 1253 563 sic
1276 522 1526 564 industrium

140 590 247 644 quod
286 589 477 629 latentem
521 599 602 627 non
647 591 729 627 tam
767 585 967 626 honorare
1007 596 1152 625 censor
1185 595 1305 637 quam
1337 587 1528 625 censetor

140 662 321 691 onerare.
366 647 462 688 vale.

793 776 868 819 IX.

372 859 601 897 SIDONIUS
627 858 900 895 LAMPRIDIO
928 858 1022 895 SUO
1050 857 1294 895 SALUTEM.

85 954 120 980 ιο
233 937 269 979 1.
304 938 404 992 Cum
435 939 611 991 primum
642 935 899 988 Burdigalam
931 937 1041 989 veni,
1073 934 1229 975 litteras
1261 934 1363 975 mihi
1394 933 1523 974 tabel-

137 1000 262 1040 larius
302 1004 395 1039 tuus
442 998 588 1038 obtulit
636 997 777 1050 plenas
815 997 992 1037 nectaris
1025 995 1172 1036 florum
1202 996 1529 1049 margaritarum,

138 1059 283 1113 quihus
317 1059 521 1099 silentium
553 1070 687 1098 meum
715 1056 852 1110 culpas
879 1062 919 1097 et
940 1056 1096 1109 aliquos
1122 1068 1314 1096 versuum
1339 1067 1525 1096 meorum

139 1119 325 1160 versibus
357 1121 511 1172 poscis,
557 1120 625 1172 qui
664 1118 739 1158 tibi
772 1117 903 1158 solent
934 1130 1008 1170 per
1039 1118 1242 1157 musicum
1273 1115 1397 1170 palati
1430 1128 1527 1156 con-

141 1193 282 1220 cavum
312 1181 533 1219 tinnientes
566 1192 661 1219 voce
693 1179 844 1218 variata
885 1178 1000 1231 quasi
1031 1177 1144 1217 tibiis
1177 1175 1530 1217 multiforatilibus

87 1254 122 1281 15
142 1240 304 1281 effundi.
358 1239 427 1279 sed
459 1239 535 1279 hoc
567 1244 611 1279 tu
642 1239 917 1279 munificentia
950 1238 1060 1290 regia
1104 1239 1202 1278 satis
1242 1236 1413 1278 abutens
1445 1238 1527 1277 iam

143 1313 311 1341 securus
343 1304 434 1352 post
465 1312 631 1340 munera
658 1300 768 1354 facis,
796 1301 889 1353 quia
915 1299 1084 1338 forsitan
1111 1299 1322 1338 satiricum
1347 1297 1448 1337 illud
1478 1297 1531 1337 de

144 1362 306 1401 satirico
332 1373 413 1400 non
445 1360 689 1400 recordaris:
723 1365 858 1400 satur
891 1364 965 1400 est
997 1371 1102 1399 cum
1135 1358 1258 1398 dicit
1288 1357 1531 1398 Horatius

144 1417 353 1461 ‘euhoe'
417 1419 456 1461 2.
514 1421 609 1473 quid
641 1418 808 1461 multis?
865 1421 1010 1460 merito
1055 1431 1119 1459 me
1165 1423 1327 1459 cantare
1360 1431 1410 1458 ex
1442 1419 1528 1458 otio

144 1481 278 1535 iubes,
324 1482 415 1534 quia
457 1486 496 1521 te
529 1483 609 1521 iam
641 1480 786 1521 saltare
831 1480 1013 1521 delectat.
1078 1479 1271 1532 quicquid
1309 1477 1409 1519 illud
1454 1483 1531 1533 est,

91 1555 126 1581 20
146 1554 267 1595 pareo
298 1546 450 1595 tamen,
488 1541 610 1594 idque
655 1554 736 1581 non
774 1541 892 1581 modo
925 1553 1007 1581 non
1039 1544 1201 1581 coaetus
1232 1551 1375 1580 verum
1407 1539 1531 1580 etiam

147 1601 382 1655 spontaliter
413 1602 537 1656 faci03
575 1607 731 1642 tantum
763 1607 807 1642 tu
839 1606 1058 1654 utcumque
1097 1600 1310 1641 moderere
1343 1599 1531 1640 Catonia-

146 1675 242 1702 num
287 1662 574 1715 superciliosae
619 1663 763 1702 frontis
808 1662 1032 1702 arbitrium.
1096 1662 1205 1701 nosti
1248 1661 1358 1701 enim
1401 1659 1532 1713 probe

146 1722 337 1762 laetitiam
381 1728 610 1776 poetarum,
657 1735 829 1775 quorum
874 1725 932 1763 sic
977 1723 1139 1775 ingenia
1181 1719 1435 1761 maeroribus
1485 1724 1534 1760 ut

146 1782 330 1836 pisciculi
356 1782 510 1823 retibus
538 1784 798 1838 amiciuntur3
831 1788 871 1824 et
898 1784 933 1823 si
966 1783 1061 1836 quid
1089 1793 1278 1835 asperum
1305 1785 1374 1821 aut
1397 1781 1533 1833 triste,

92 1855 127 1882 25
147 1855 228 1883 non
279 1844 414 1883 statim
465 1855 554 1883 sese
602 1845 758 1895 poetica
804 1843 1034 1884 teneritudo
1086 1856 1107 1883 a
1157 1841 1317 1882 vinculo
1374 1841 1531 1882 incursi

148 1905 309 1956 angoris
352 1903 545 1955 elaqueat.
608 1904 781 1943 necdum
824 1906 933 1944 enim
976 1905 1193 1957 quicquam
1225 1902 1274 1942 de
1306 1900 1534 1941 hereditate

247 2023 288 2054 17
318 2018 486 2054 Juvenal.
507 2018 589 2063 VII,
610 2022 666 2056 62.

248 2072 265 2102 1
295 2066 397 2111 quod
423 2067 467 2102 N
478 2067 567 2103 VM
573 2066 652 2111 GT,
685 2078 759 2112 quo
787 2068 841 2113 L,
872 2068 958 2112 fort.
986 2073 1080 2105 reete
1117 2069 1130 2114 ΙΙ
1169 2071 1189 2102 6
1215 2065 1410 2102 inveniere
1436 2065 1473 2101 L
1498 2069 1535 2101 et

152 2117 260 2159 (corr.
288 2126 333 2151 ex
364 2114 534 2150 invenire
561 2115 714 2161 M2)M‚
745 2115 916 2151 invenire
949 2117 1035 2152 VN
1041 2116 1110 2153 OT
1139 2118 1152 2162 ΙΙ
1186 2119 1205 2152 7
1232 2114 1402 2151 censitor
1427 2115 1533 2160 (cen-

153 2164 254 2198 setor
290 2164 368 2210 eqo)
408 2174 564 2199 onerare
590 2163 848 2209 Luetjohann,
886 2166 1016 2200 censet
1047 2174 1249 2200 oronerare
1281 2163 1335 2209 L,
1373 2172 1531 2198 censens

152 2221 308 2246 onerare
338 2213 442 2257 (post.
470 2222 535 2247 ens
561 2223 588 2248 s.
617 2212 639 2248 l.
667 2216 701 2248 et
725 2223 799 2248 raa.
827 2213 913 2248 add.
934 2213 1059 2257 N2)N
1063 2214 1127 2258 M,
1159 2221 1317 2248 censens
1343 2210 1534 2246 honerare

154 2259 196 2302 T,
224 2269 353 2294 censes
381 2271 536 2295 onerare
566 2259 612 2302 Ο,-
638 2261 684 2305 cf.
706 2260 788 2296 Alc.
809 2260 912 2297 Avit.
933 2272 962 2296 c.
990 2262 1057 2306 VI,
1078 2263 1150 2297 613
1182 2263 1194 2306 11
1227 2262 1273 2295 10
1298 2260 1387 2294 tuas
1412 2256 1532 2294 michi

154 2306 212 2352 011
235 2310 277 2360 i3
299 2312 384 2352 post
409 2307 581 2343 versibus
608 2309 673 2354 leq.
700 2308 778 2343 tuis
803 2310 847 2344 in
874 2309 917 2353 T,
948 2320 975 2345 s,
1004 2310 1026 2345 l.
1054 2310 1141 2346 add.
1168 2308 1220 2344 Pl
1239 2310 1252 2355 ΙΙ
1274 2311 1318 2343 18
1343 2308 1431 2352 fort.
1458 2305 1531 2341 im-

151 2355 288 2390 mento
315 2355 566 2401 LuetJohawn,
590 2357 766 2402 frustrau
793 2359 836 2391 21
866 2368 1027 2401 cumque
1054 2360 1137 2402 (om.
1164 2358 1222 2403 ut)
1247 2356 1283 2392 L
1305 2358 1310 2399 Ι
1331 2354 1533 2391 moderare

154 2403 216 2449 ΤΙΙ
236 2405 282 2438 25
309 2414 391 2438 sese
418 2404 453 2439 L
479 2409 512 2440 et
540 2405 618 2448 (alt.
647 2416 687 2440 se
713 2415 805 2441 eras.
831 2408 874 2441 ut
898 2417 930 2441 v.
958 2405 1094 2451 N2)N,
1120 2416 1233 2442 se**
1259 2403 1333 2450 M1,
1360 2414 1401 2439 se
1431 2402 1499 2439 OT
1515 2403 1530 2448 {1
