1592 2612
0 0 322 55 Wsss·
347 12 349 14 ·

200 116 431 156 smonms
454 117 654 155 DOMINO
679 117 844 154 PAPAE
869 117 1065 156 BASILIO
1092 118 1339 157 SALUTEM.
1394 120 1481 164 147

89 231 239 260 norum
267 219 501 260 reficiamur
531 231 713 260 assensu.
764 217 805 260 4.
838 219 888 259 de
921 225 1057 261 cetero
1091 221 1198 274 quod
1229 222 1280 262 ad
1312 222 1483 269 honoris

88 281 215 321 vestri
246 284 403 334 spectat
431 282 766 334 praerogativam,
802 279 939 320 nullus
972 294 994 321 a
1025 294 1090 322 me
1122 281 1320 323 hactenus
1351 285 1483 324 nomi-

86 345 221 396 natus,
251 340 388 382 nullus
419 340 636 395 adhibitus,
667 340 804 381 nullus
830 340 984 382 electus
1010 347 1090 397 est3
1123 344 1258 383 omnia
1284 356 1482 385 censurae

89 406 183 442 tuae
225 400 333 442 salva
370 400 538 442 inlibata
576 401 704 442 solida
746 406 970 443 servantur.
1032 407 1190 443 tantum
1228 403 1306 444 hoc
1343 417 1483 445 meum

87 461 206 517 duco,
241 466 397 503 vestras
433 463 606 503 invitare
643 474 840 515 personas
878 468 1094 516 expectare
1131 464 1360 506 voluntates
1395 465 1481 507 lau·
1520 477 1537 505 5

87 522 185 563 dare
229 523 471 577 sententias,
515 528 555 563 et
599 536 693 563 cum
730 524 774 563 in
818 522 954 564 locum
999 528 1229 578 statumque
1273 523 1481 579 pontificis

87 584 259 637 quisque
293 583 505 638 sufficitur,
535 588 582 624 ut
614 596 636 624 a
666 583 783 624 vohis
814 589 1096 639 praeceptum,
1135 598 1158 626 a
1189 598 1254 626 me
1286 586 1482 640 procedat

87 642 340 697 obsequium.
403 642 444 686 5.
478 644 550 685 sed
583 646 630 699 si,
662 644 770 698 quod
801 649 938 685 tamen
970 645 1148 686 arbitror
1179 647 1347 687 minime
1380 648 1481 703 fore,

84 704 278 758 precibus
318 705 421 745 meis
462 704 568 758 apud
609 717 680 745 vos
721 704 979 746 malesuadus
1020 706 1225 747 obstiterit
1263 709 1480 763 interpres,

84 766 287 818 poteritis-
303 767 576 819 praesentiam
613 770 790 806 vestram
826 767 964 819 potius
1004 779 1197 808 excusare
1240 780 1360 821 quam
1393 768 1477 810 cul·
1499 782 1536 808 10

85 822 198 880 pam3
230 827 337 867 sicut
367 838 389 867 e
422 825 596 880 diverso,
628 828 665 866 si
695 828 857 880 venitis,
891 827 1117 882 ostenditis,
1151 829 1244 882 quia
1276 831 1478 870 terminus

84 887 265 939 potuerit
301 888 399 940 poni
435 891 594 927 vestrae
634 887 800 940 quidem
843 889 1021 943 regioni,
1066 889 1138 929 sed
1178 901 1261 929 non
1298 892 1480 943 potuerit

84 948 256 988 caritati.
318 959 476 988 memor
507 949 639 988 nostri
672 960 762 988 csse
795 948 976 1003 dignare,
1008 949 1171 989 domine
1203 962 1317 1003 papa.

211 1183 442 1221 SIDONIUS
468 1184 668 1222 DOMINO
694 1184 857 1221 PAPAE
884 1184 1078 1222 BASJLIO
1107 1186 1350 1226 SALUTEM.

164 1262 205 1306 ,1.
239 1262 342 1302 Sunt
371 1261 491 1302 nobis
527 1262 697 1303 munere
729 1262 796 1303 dei
825 1264 938 1303 novo‘
968 1268 1202 1305 nostrorum
1237 1270 1468 1319 temporum
1490 1279 1525 1306 15

80 1322 266 1376 exemplo
287 1324 558 1363 amicitiarum
584 1328 721 1364 vetera
746 1325 848 1378 iura,
881 1323 1032 1377 diuque
1060 1329 1134 1378 est,
1161 1325 1268 1378 quod
1296 1327 1472 1367 invicem

78 1382 286 1435 diligimus
327 1395 376 1423 ex
415 1396 555 1436 aequo.
617 1396 742 1436 porro
780 1389 933 1439 autem,
979 1385 1086 1438 quod
1125 1385 1174 1425 ad
1214 1399 1470 1428 communem

79 1444 370 1484 conscientiam
402 1445 592 1498 pertinet,
623 1449 668 1484 tu
699 1449 896 1497 patronus
930 1441 1194 1501 (quamquam
1226 1446 1303 1487 hoc
1335 1449 1470 1501 ipsum

77 1505 400 1557 praesumptiose
420 1504 563 1557 loquar
588 1510 923 1557 arroganterque:
955 1518 1130 1558 namque
1157 1508 1351 1560 iniquitas
1377 1521 1465 1549 mea

75 1570 188 1605 tanta
218 1569 293 1618 est,
324 1569 370 1604 ut
400 1564 556 1605 mederi
583 1565 631 1604 de
658 1564 844 1618 lapsuum
870 1567 959 1606 eius
985 1566 1220 1607 assiduitate
1248 1569 1314 1608 vix
1341 1570 1463 1609 etiam
1483 1584 1521 1611 20

76 1630 168 1666 tuae
202 1624 508 1678 supplicationis
546 1625 725 1665 efficacia
763 1622 915 1682 queat).
979 1625 1019 1667 2.
1052 1627 1194 1681 igitur,
1234 1630 1326 1680 quia
1363 1629 1466 1670 mihi

76 1698 121 1726 es
152 1691 236 1726 tam
267 1687 493 1738 patrocinio
527 1698 646 1739 quam
680 1685 894 1726 dilectione
922 1685 987 1726 bis
1014 1686 1214 1741 dominus,
1245 1690 1400 1741 pariter
1425 1695 1466 1730 et

78 1746 185 1799 quod
218 1747 386 1786 memini
417 1745 556 1800 probe,
590 1758 669 1799 quo
700 1746 852 1799 polleas
879 1748 971 1799 igne
999 1759 1206 1802 sensuum,
1238 1749 1347 1789 fonte
1374 1762 1463 1790 ver-

76 1805 235 1860 borum,
267 1808 337 1860 qui
362 1807 533 1847 viderim
559 1806 848 1862 Modaharium,
877 1809 1007 1848 civem
1033 1807 1220 1863 Gothum,
1246 1809 1463 1851 haereseos

0 1894 3 1900 ·
74 1867 267 1908 Arrianae
300 1867 429 1908 iacula
468 1867 693 1908 vibrantem
726 1880 805 1921 quo
843 1872 887 1908 tu
927 1868 1171 1921 spiritalium
1208 1871 1462 1911 testimonio·
1481 1885 1517 1913 25

73 1940 165 1968 rum
190 1940 385 1968 mucrone
412 1928 654 1983 confoderis,
687 1933 843 1969 servata
870 1934 1100 1969 ceterorum
1125 1934 1208 1969 tam
1233 1933 1463 1972 reverentia

74 2000 194 2041 quam
238 2001 336 2042 pace
379 1989 617 2042 pontificum
661 2001 743 2029 non
786 1991 936 2030 iniuria
980 1989 1055 2030 tibi
1094 1989 1242 2044 defleo,
1288 1991 1462 2043 qualiter

73 2048 369 2089 ecclesiasticas
402 2048 536 2090 caulas
567 2050 687 2090 istius
719 2052 862 2090 aetatis
894 2049 1026 2104 lupus,
1059 2051 1129 2103 qui
1159 2053 1338 2103 peccatis
1367 2065 1460 2105 per-

17 2151 21 2153 *
73 2110 256 2150 euntium
294 2111 501 2163 saginatur
539 2111 781 2165 animarum,
820 2110 1071 2151 clandestino
1109 2123 1247 2151 morsu
1285 2112 1459 2153 necdum

169 2217 190 2249 6
218 2215 258 2250 et·
287 2215 366 2251 secl.
401 2214 730 2251 Wilamowitzium
761 2220 907 2252 secutus
938 2215 1181 2262 Imetjohmm
1217 2217 1230 2260 ΙΙ
1269 2219 1315 2251 14
1341 2220 1458 2253 totam

71 2273 125 2308 ep.
154 2262 215 2298 VI
240 2275 308 2300 om.
336 2262 552 2298 LNVTP
588 2265 594 2309 Ι
634 2264 682 2308 cf.
716 2265 767 2300 ad
796 2265 894 2300 hanc
925 2265 1029 2310 epist.
1065 2264 1174 2310 Grey.
1204 2263 1294 2301 Twr.
1320 2265 1356 2302 h.
1386 2265 1455 2302 Fr.

68 2310 129 2355 II,
148 2313 200 2347 25
219 2313 231 2358 ΙΙ
252 2314 296 2346 19
322 2312 623 2356 arroganterque
648 2311 784 2358 loquar
811 2312 982 2358 0F2125
1010 2310 1166 2346 arianae
1192 2312 1369 2349 hereseos
1394 2313 1426 2350 Ο

70 2361 117 2394 26
142 2360 224 2394 tam
250 2361 463 2395 ceterorum
492 2359 523 2395 Ο
543 2362 555 2405 [1
580 2363 626 2396 28
654 2359 795 2396 aetatis
821 2373 915 2397 corr.
943 2372 989 2397 ex
1015 2358 1115 2395 aeris
1142 2360 1216 2405 M1,
1244 2359 1343 2397 aeris
1371 2362 1454 2408 OF,

69 2405 273 2443 haereseos
306 2408 567 2454 Wilamowitf,
591 2408 679 2453 fort.
706 2410 831 2456 recten

1163 2470 1236 2506 10*
