1592 2612
619 91 830 130 CARMEN
854 92 936 130 XV.
1383 89 1473 134 315

343 207 427 236 non
455 194 524 235 hic
554 193 775 235 Herculeas
807 194 918 235 videt
948 193 1170 247 palaestras

342 255 481 296 Aetola
512 254 690 308 Calydon
721 260 890 308 stupens
922 254 971 295 ab
1004 267 1109 308 arce,

345 329 438 358 cum
470 328 598 357 cornu
629 315 741 356 fluvii
774 315 1048 368 superbientis

343 376 503 417 Alcides
534 381 750 430 premeret,
782 376 954 416 subinde
986 376 1140 416 fessum

271 446 318 479 20
342 437 500 478 undoso
532 437 719 477 refovens
751 436 800 477 ab
832 437 948 477 hoste
980 441 1139 490 pec-tus3

345 498 417 539 sed
449 497 591 538 doctus
623 499 781 538 iuvenis
814 497 1043 550 decensque
1075 498 1200 550 virgo,

344 564 437 599 ortu
468 557 644 599 culmina
675 557 824 598 Galliae
857 562 1055 610 tenentes,

343 621 584 672 iunguntur:
616 620 710 672 cito,
741 618 843 673 diva,
875 624 991 659 necte
1026 617 1197 658 chordas

342 692 432 733 nec,
464 679 570 732 quod
603 679 787 719 detonuit
819 678 994 719 Camena
1025 680 1167 732 maior,

272 748 318 782 25
343 746 524 781 nostram
554 741 790 793 pauperiem
822 739 942 780 silere
975 751 1105 792 cogas.

345 801 395 841 ad
426 800 563 840 taedas
595 800 777 840 Thetidis
807 799 1005 853 probante
1037 798 1200 839 Phoebo

343 866 384 902 et
415 860 567 902 Chiron
598 862 747 901 cecinit
776 862 934 901 minore
966 859 1134 914 plectro,

342 934 419 962 nec
450 923 542 961 risit
573 923 639 974 pia
670 920 789 961 turba
820 922 1097 975 rusticantem,

345 983 526 1035 quamvis
558 994 678 1034 saepe
712 994 836 1022 senex
866 981 1053 1021 biformis
1085 981 1169 1021 illic

271 1052 319 1085 30
346 1055 510 1083 carmen
541 1047 749 1095 rumperet
780 1042 991 1082 hinniente
1025 1047 1156 1082 cantu.

725 1195 822 1239 XV.

574 1278 970 1316 EPITHALAMIUM.

262 1356 382 1397 Forte
414 1355 630 1410 procellosi
662 1369 848 1396 remeans
880 1369 930 1395 ex
962 1369 1054 1396 arce
1088 1355 1258 1410 Caferei,

202 1416 437 1457 Phoebados
467 1415 611 1456 Iliacae
643 1421 803 1469 raptum
836 1418 933 1456 satis
965 1416 1049 1456 ulta
1080 1416 1291 1470 pudorem,

202 1477 332 1518 Pallas
362 1476 590 1517 Erechtheo
621 1475 825 1516 Xanthum
858 1476 1038 1517 mutabat
1068 1476 1268 1530 Hymetto.

203 1543 341 1579 aurato
373 1538 496 1578 micat
527 1549 619 1577 aere
652 1542 783 1590 caput,
814 1538 1025 1590 maiusque
1057 1549 1248 1577 serenum

155 1607 178 1640 5
204 1599 254 1651 de
285 1604 444 1639 terrore
476 1599 600 1651 capit3
631 1598 765 1650 posito
797 1609 890 1637 nam
923 1596 1090 1637 fulmine
1122 1597 1299 1638 necdum

202 1658 399 1713 Cinyphio
432 1658 597 1699 Tritone
629 1663 765 1698 truces
796 1657 1036 1698 hilaraverat
1068 1662 1191 1698 artus.

202 1720 335 1773 Gorgo
367 1723 479 1760 tenet
511 1724 653 1771 pectus
686 1718 876 1771 medium,
908 1719 1062 1759 factura
1094 1717 1248 1758 videnti

203 1786 243 1821 et
274 1784 458 1821 truncata
489 1791 641 1833 moras3
673 1780 776 1818 nitet
807 1778 1002 1819 insidiosa
1036 1778 1257 1831 superbum

203 1841 358 1893 effigies
390 1841 566 1892 vivitque
600 1841 732 1879 anima
763 1844 959 1892 pereunte
991 1844 1199 1893 venustas3

133 1910 178 1943 10
204 1901 282 1941 alta
313 1905 561 1941 cerastarum
595 1901 717 1952 spiris
751 1905 871 1952 caput
903 1904 1064 1952 asperat
1095 1904 1227 1939 atrum

203 1962 426 2014 congeries,
456 1965 620 2013 torquet
651 1959 854 2000 maculosa
886 1959 1089 2000 volumina
1121 1959 1289 2000 mordax

203 2023 341 2075 crinis,
373 2026 413 2060 et
444 2022 538 2061 irati
569 2020 665 2061 dant
696 2019 812 2061 sibila
844 2025 972 2060 taetra
1005 2019 1149 2073 capilli.

203 2093 419 2135 squameus
452 2080 501 2120 ad
532 2081 706 2121 mediam
737 2081 879 2121 thorax
912 2093 994 2121 non
1025 2082 1210 2133 pervenit
1243 2080 1376 2121 alvum

201 2147 294 2196 post
325 2140 532 2194 chalybem
564 2141 766 2194 pendente
798 2141 934 2195 pep103
967 2142 1068 2193 tegit
1099 2142 1247 2181 extima
1278 2141 1393 2182 limbi

133 2211 178 2245 15
204 2204 346 2244 circite
378 2201 481 2255 palla
512 2201 650 2255 pedes,
682 2203 752 2254 qui
784 2214 877 2242 cum
910 2200 985 2242 sub
1018 2206 1128 2241 veste
1161 2206 1387 2257 moventur,

203 2265 379 2316 crispato
412 2261 564 2314 rigidae
598 2263 797 2315 crepitant
828 2263 873 2301 in
907 2267 1080 2315 syrmate
1113 2274 1247 2314 rugae.

178 2378 248 2414 xv
275 2382 321 2414 14
345 2377 430 2414 fimi
456 2378 541 2424 PT,
567 2377 636 2414 nni
663 2377 733 2425 Fu
