1592 2612
119 168 207 211 130
616 162 764 199 LIBER
789 159 988 198 SEXTUS.

767 307 846 352 111.

234 394 460 432 SIDONIUS
485 392 682 429 DOMINO
709 391 871 427 PAPAE
897 387 1114 426 LEONTIO
1142 387 1384 427 SALUTEM.

211 471 248 513 1.
280 472 367 513 Etsi
397 470 518 511 nullis
543 468 770 509 hortatibus
796 467 1019 521 primordia
1044 470 1207 507 nostrae
1233 466 1503 519 professionis

118 534 303 575 animatis
341 543 471 584 neque
511 531 622 570 sitim
653 530 904 582 ignorantiae
939 528 1134 568 hactenus
1167 526 1387 567 saecularis
1417 526 1502 568 ullo

119 606 314 647 supernae
353 593 492 644 rigatis
531 589 919 643 imbre'doctrinae,
957 600 1039 628 non
1071 600 1145 641 ego
1176 591 1312 628 tamen
1343 591 1502 628 tantum

81 667 99 695 5
118 656 198 695 mei
234 654 459 693 meminens
496 663 579 691 non
618 663 724 704 sum,
762 654 808 690 ut
839 662 861 689 a
892 651 995 689 meis
1027 660 1284 701 praesumam
1315 647 1503 702 partibus

118 714 273 767 aequali
305 714 530 753 officiorum
562 711 674 751 lance
708 710 956 750 certandum.
1001 722 1093 749 nam
1127 721 1220 749 cum
1251 713 1392 749 nostra
1417 721 1501 750 me-

117 775 306 815 diocritas
345 778 472 813 aetate
510 773 634 825 vitae,
674 776 856 824 tempore
896 770 1121 824 dignitatis,
1159 769 1371 823 priVilegio
1409 768 1505 824 loci,

116 835 232 876 laude
271 835 480 887 scientiae,
520 833 624 872 dono
664 832 934 872 conscientiae
966 836 1124 871 vestrae
1157 829 1274 871 facile
1305 831 1505 885 vincatur,

116 895 270 936 nullum
301 906 518 947 meremur,
551 894 586 932 si
618 905 690 945 par
722 897 980 945 expectamus
1013 891 1246 945 alloquium.
1303 889 1343 932 2.
1375 892 1505 944 igitur

63 971 98 997 10
116 968 198 996 non
223 958 454 996 incusantes
482 953 687 994 silentium
712 958 892 993 vestrum
913 953 984 993 sed
1010 952 1294 1005 loquacitatem
1319 956 1502 992 nostram

116 1018 250 1070 potius
283 1027 475 1055 excusare
501 1016 677 1054 nitentes
704 1013 1035 1054 commendamus
1053 1014 1222 1066 apicum
1247 1013 1504 1067 portitorem,

117 1078 233 1118 cuius
266 1077 301 1116 si
331 1076 697 1128 peregrinationem
729 1078 917 1127 prompto
949 1075 1084 1114 favore
1117 1074 1303 1128 foveatis,
1335 1072 1504 1126 grandis

117 1136 342 1177 actionibus
368 1135 477 1175 illius
502 1140 644 1188 portus
671 1136 903 1175 securitatis
930 1136 1122 1187 aperitur.
1171 1135 1379 1186 negotium
1405 1133 1502 1174 huic

116 1198 459 1238 testamentarium
503 1201 574 1236 est.
637 1195 762 1236 latent
794 1208 886 1236 eum
918 1196 1176 1249 propriarum
1207 1195 1353 1235 merita
1384 1193 1502 1235 char-

66 1273 100 1299 15
119 1263 267 1298 tarum:
299 1261 526 1309 togatorum
558 1256 640 1296 illic
666 1261 929 1309 perorantum
954 1257 1145 1309 peritiam
1171 1254 1383 1296 consulere
1408 1267 1503 1308 per-

117 1320 239 1372 rexit,
283 1330 357 1370 pro
395 1318 562 1357 victoria
603 1322 926 1371 computaturus,
972 1318 1007 1356 si
1046 1328 1088 1356 56
1127 1315 1374 1356 intellexerit
1411 1317 1502 1356 iure

118 1380 321 1432 superari,
365 1377 483 1417 modo
521 1390 571 1417 ne
612 1377 690 1417 sibi
727 1379 893 1431 suisque
933 1377 1111 1417 desidiae
1149 1378 1248 1417 vitio
1285 1387 1502 1430 perperam

118 1441 270 1479 cavisse
303 1437 497 1490 culpetur.
541 1438 648 1478 hunc
681 1442 847 1478 eatenus
874 1437 1157 1478 commendare
1184 1449 1412 1492 praesumO,
1443 1441 1503 1491 ut,

119 1501 154 1539 si
174 1512 266 1540 eum
285 1500 487 1539 instruere
510 1498 723 1551 dignanter
742 1499 947 1539 advocatio
969 1498 1152 1540 consulta
1172 1497 1338 1552 fastidit,
1364 1502 1501 1538 aucto-

64 1575 99 1601 20
118 1561 215 1600 ritas
242 1572 412 1600 coronae
431 1564 523 1599 tuae
545 1559 893 1600 dissimulantibus
916 1559 1075 1600 studeat
1093 1558 1294 1599 excudere
1313 1558 1502 1611 responsi

119 1620 375 1661 celeritatem.
424 1632 580 1660 memor
611 1622 742 1660 nostri
774 1633 864 1661 esse
898 1620 1083 1674 dignare,
1116 1619 1278 1660 domine
1310 1631 1425 1672 papa.

769 1773 846 1818 IV.

276 1856 504 1893 SIDONIUS
531 1857 728 1893 DOMINO
755 1855 917 1893 PAPAE
943 1856 1072 1893 LUPO
1100 1855 1342 1892 SALUTEM.

210 1932 247 1973 1.
291 1933 456 1973 Praeter
500 1933 696 1988 officium,
742 1934 848 1987 quod
892 1932 1266 1987 incomparabiliter
1307 1933 1504 1973 eminenti

121 1993 359 2045 apostolatui
384 1998 453 2033 tuo
482 1995 568 2034 sine
595 1995 673 2034 fine
702 1994 884 2049 debetur,
918 1996 995 2035 etsi
1021 1994 1172 2047 absque
1198 1994 1503 2034 intermissione

65 2065 100 2092 25
121 2053 306 2108 solvatur,
332 2055 567 2094 commendo
595 2055 823 2108 supplicum
848 2055 1076 2095 baiulorum
1102 2067 1175 2108 pro
1201 2066 1303 2095 nova
1323 2054 1500 2094 necessi-

119 2114 257 2153 tudine
296 2119 493 2154 vetustam
525 2117 826 2169 necessitatem,
865 2117 935 2168 qui
966 2117 1009 2155 in
1040 2115 1260 2155 Arvernam
1292 2115 1502 2167 regionem

120 2172 281 2226 longum
314 2176 408 2229 iter,
440 2175 504 2215 his
538 2177 686 2261 quippe
718 2175 989 2230 temporibus,
1028 2177 1183 2216 emensi
1216 2187 1330 2216 casso
1363 2174 1504 2215 labore

218 2304 261 2335 11
289 2303 636 2338 commendavimus
666 2303 723 2349 ΟΙΙ
745 2307 789 2338 16
817 2314 898 2339 5656
921 2304 1043 2350 01117
1071 2303 1167 2340 vibio
1194 2315 1263 2340 om.
1287 2302 1410 2349 01125
1435 2312 1500 2337 ne-

122 2348 353 2385 cessitudine
385 2352 578 2386 vetustam
610 2351 880 2387 necessitatem
908 2352 960 2398 L,
999 2351 1282 2388 necessitudine
1316 2352 1426 2397 (corr.
1459 2351 1505 2386 in

120 2396 351 2432 necessitate
377 2399 451 2439 N1)
475 2400 669 2435 vetustam
694 2399 1019 2436 necessitudinem
1039 2401 1089 2448 N,
1116 2400 1347 2437 necessitate
1372 2399 1504 2436 vetus-

125 2446 205 2481 tam
231 2445 553 2482 necessitudinem
580 2448 653 2484 TO
674 2453 708 2485 et
731 2449 775 2484 in
799 2459 872 2485 ras.
893 2449 955 2484 ,Μι
975 2452 986 2496 ΙΙ
