<?xml version="1.0" encoding="UTF-8"?>
<!DOCTYPE html PUBLIC "-//W3C//DTD XHTML 1.0 Transitional//EN"
    "http://www.w3.org/TR/xhtml1/DTD/xhtml1-transitional.dtd">
<html xmlns="http://www.w3.org/1999/xhtml" xml:lang="en" lang="en">
 <head>
  <title>
</title>
<meta http-equiv="Content-Type" content="text/html;charset=utf-8" />
  <meta name='ocr-system' content='tesseract 3.04.00' />
  <meta name='ocr-capabilities' content='ocr_page ocr_carea ocr_par ocr_line ocrx_word'/>
</head>
<body>
  <div class='ocr_page' id='page_1' title='image "./csolliusapollina00sidouoft_0266.png"; bbox 0 0 1592 2612; ppageno 0'>
   <div class='ocr_carea' id='block_1_1' title="bbox 137 162 990 211">
    <p class='ocr_par' dir='ltr' id='par_1_1' title="bbox 137 162 990 211">
     <span class='ocr_line' id='line_1_1' title="bbox 137 162 990 211; baseline -0.015 0"><span class='ocrx_word' id='word_1_1' title='bbox 137 164 224 211; x_wconf 85' lang='grc'><strong>214</strong></span> <span class='ocrx_word' id='word_1_2' title='bbox 549 202 553 208; x_wconf 84' lang='grc'><em>,</em></span> <span class='ocrx_word' id='word_1_3' title='bbox 641 163 788 200; x_wconf 78' lang='lat' dir='ltr'>LIBER</span> <span class='ocrx_word' id='word_1_4' title='bbox 812 162 990 200; x_wconf 82' lang='lat' dir='ltr'><strong>NONUS.</strong></span> 
     </span>
    </p>
   </div>
   <div class='ocr_carea' id='block_1_2' title="bbox 61 263 1508 2063">
    <p class='ocr_par' dir='ltr' id='par_1_2' title="bbox 134 263 1506 438">
     <span class='ocr_line' id='line_1_2' title="bbox 135 263 1506 322; baseline -0.004 -13"><span class='ocrx_word' id='word_1_5' title='bbox 135 269 238 322; x_wconf 87' lang='lat' dir='ltr'><strong>apud</strong></span> <span class='ocrx_word' id='word_1_6' title='bbox 281 267 469 320; x_wconf 82' lang='lat' dir='ltr'><strong>oppidum</strong></span> <span class='ocrx_word' id='word_1_7' title='bbox 510 270 692 306; x_wconf 89' lang='lat' dir='ltr'><strong>nostrum</strong></span> <span class='ocrx_word' id='word_1_8' title='bbox 737 277 828 305; x_wconf 91' lang='lat' dir='ltr'><strong>cum</strong></span> <span class='ocrx_word' id='word_1_9' title='bbox 871 268 1115 318; x_wconf 84' lang='lat' dir='ltr'><strong>moraretur,</strong></span> <span class='ocrx_word' id='word_1_10' title='bbox 1159 263 1287 304; x_wconf 90' lang='lat' dir='ltr'><strong>donec</strong></span> <span class='ocrx_word' id='word_1_11' title='bbox 1325 264 1506 316; x_wconf 84' lang='lat' dir='ltr'><strong>gentium</strong></span> 
     </span>
     <span class='ocr_line' id='line_1_3' title="bbox 135 323 1505 379; baseline -0.004 -10"><span class='ocrx_word' id='word_1_12' title='bbox 135 330 421 369; x_wconf 80' lang='lat' dir='ltr'>concitatarum</span> <span class='ocrx_word' id='word_1_13' title='bbox 452 325 627 379; x_wconf 90' lang='lat' dir='ltr'><strong>procella</strong></span> <span class='ocrx_word' id='word_1_14' title='bbox 664 325 922 378; x_wconf 79' lang='lat' dir='ltr'><strong>defremeret,</strong></span> <span class='ocrx_word' id='word_1_15' title='bbox 961 326 1076 364; x_wconf 90' lang='lat' dir='ltr'><strong>cuius</strong></span> <span class='ocrx_word' id='word_1_16' title='bbox 1114 325 1302 364; x_wconf 85' lang='lat' dir='ltr'><strong>immanis</strong></span> <span class='ocrx_word' id='word_1_17' title='bbox 1338 323 1433 364; x_wconf 90' lang='lat' dir='ltr'><strong>hinc</strong></span> <span class='ocrx_word' id='word_1_18' title='bbox 1465 328 1505 364; x_wconf 89' lang='lat' dir='ltr'><strong>et</strong></span> 
     </span>
     <span class='ocr_line' id='line_1_4' title="bbox 134 383 1506 438; baseline -0.003 -10"><span class='ocrx_word' id='word_1_19' title='bbox 134 389 227 428; x_wconf 92' lang='lat' dir='ltr'><strong>hinc</strong></span> <span class='ocrx_word' id='word_1_20' title='bbox 259 387 376 428; x_wconf 88' lang='lat' dir='ltr'><strong>turbo</strong></span> <span class='ocrx_word' id='word_1_21' title='bbox 409 392 503 426; x_wconf 86' lang='lat' dir='ltr'><strong>tunc</strong></span> <span class='ocrx_word' id='word_1_22' title='bbox 542 386 814 438; x_wconf 84' lang='lat' dir='ltr'><strong>inhorruerat,</strong></span> <span class='ocrx_word' id='word_1_23' title='bbox 854 386 911 424; x_wconf 93' lang='lat' dir='ltr'><strong>sic</strong></span> <span class='ocrx_word' id='word_1_24' title='bbox 950 384 1106 437; x_wconf 90' lang='lat' dir='ltr'><strong>reliqua</strong></span> <span class='ocrx_word' id='word_1_25' title='bbox 1138 384 1242 424; x_wconf 91' lang='lat' dir='ltr'><strong>dona</strong></span> <span class='ocrx_word' id='word_1_26' title='bbox 1272 387 1406 424; x_wconf 80' lang='lat' dir='ltr'><strong>vestra</strong></span> <span class='ocrx_word' id='word_1_27' title='bbox 1437 383 1506 424; x_wconf 88' lang='lat' dir='ltr'><strong>de-</strong></span> 
     </span>
    </p>

    <p class='ocr_par' dir='ltr' id='par_1_3' title="bbox 61 444 1508 2063">
     <span class='ocr_line' id='line_1_5' title="bbox 61 444 1506 501; baseline -0.003 -13"><span class='ocrx_word' id='word_1_28' title='bbox 61 453 64 461; x_wconf 81' lang='lat'><em>&#39;</em></span> <span class='ocrx_word' id='word_1_29' title='bbox 134 450 245 501; x_wconf 85' lang='lat' dir='ltr'><strong>texit,</strong></span> <span class='ocrx_word' id='word_1_30' title='bbox 283 452 327 487; x_wconf 90' lang='lat' dir='ltr'><strong>ut</strong></span> <span class='ocrx_word' id='word_1_31' title='bbox 357 446 583 499; x_wconf 82' lang='lat' dir='ltr'><strong>perurbane</strong></span> <span class='ocrx_word' id='word_1_32' title='bbox 617 458 716 498; x_wconf 87' lang='lat' dir='ltr'><strong>quae</strong></span> <span class='ocrx_word' id='word_1_33' title='bbox 748 446 1040 497; x_wconf 83' lang='lat' dir='ltr'><strong>praestantiora</strong></span> <span class='ocrx_word' id='word_1_34' title='bbox 1071 444 1256 498; x_wconf 88' lang='lat' dir='ltr'><strong>portabat</strong></span> <span class='ocrx_word' id='word_1_35' title='bbox 1287 445 1506 498; x_wconf 83' lang='lat' dir='ltr'><strong>operuerit,</strong></span> 
     </span>
     <span class='ocr_line' id='line_1_6' title="bbox 98 503 1505 561; baseline -0.003 -13"><span class='ocrx_word' id='word_1_36' title='bbox 98 521 114 547; x_wconf 83' lang='lat'>5</span> <span class='ocrx_word' id='word_1_37' title='bbox 136 510 269 561; x_wconf 90' lang='lat' dir='ltr'><strong>spinas</strong></span> <span class='ocrx_word' id='word_1_38' title='bbox 307 519 416 547; x_wconf 89' lang='lat' dir='ltr'><strong>meas</strong></span> <span class='ocrx_word' id='word_1_39' title='bbox 454 505 654 546; x_wconf 88' lang='lat' dir='ltr'><strong>illustrare</strong></span> <span class='ocrx_word' id='word_1_40' title='bbox 693 504 950 545; x_wconf 85' lang='lat' dir='ltr'><strong>dissimulans</strong></span> <span class='ocrx_word' id='word_1_41' title='bbox 988 506 1069 545; x_wconf 91' lang='lat' dir='ltr'><strong>tuis</strong></span> <span class='ocrx_word' id='word_1_42' title='bbox 1107 504 1286 546; x_wconf 89' lang='lat' dir='ltr'><strong>floribus.</strong></span> <span class='ocrx_word' id='word_1_43' title='bbox 1358 503 1395 545; x_wconf 83' lang='lat'><strong>7.</strong></span> <span class='ocrx_word' id='word_1_44' title='bbox 1434 503 1505 544; x_wconf 87' lang='lat' dir='ltr'><strong>sed</strong></span> 
     </span>
     <span class='ocr_line' id='line_1_7' title="bbox 133 563 1504 620; baseline -0.002 -13"><span class='ocrx_word' id='word_1_45' title='bbox 133 572 223 620; x_wconf 90' lang='lat' dir='ltr'><strong>post</strong></span> <span class='ocrx_word' id='word_1_46' title='bbox 255 568 354 607; x_wconf 90' lang='lat' dir='ltr'><strong>duos</strong></span> <span class='ocrx_word' id='word_1_47' title='bbox 386 571 452 606; x_wconf 88' lang='lat' dir='ltr'><strong>aut</strong></span> <span class='ocrx_word' id='word_1_48' title='bbox 482 566 546 606; x_wconf 90' lang='lat' dir='ltr'><strong>his</strong></span> <span class='ocrx_word' id='word_1_49' title='bbox 579 565 749 618; x_wconf 92' lang='lat' dir='ltr'><strong>amplius</strong></span> <span class='ocrx_word' id='word_1_50' title='bbox 774 577 934 605; x_wconf 89' lang='lat' dir='ltr'><strong>menses</strong></span> <span class='ocrx_word' id='word_1_51' title='bbox 962 566 1020 605; x_wconf 90' lang='lat' dir='ltr'><strong>sic</strong></span> <span class='ocrx_word' id='word_1_52' title='bbox 1047 577 1207 618; x_wconf 89' lang='lat' dir='ltr'><strong>quoque</strong></span> <span class='ocrx_word' id='word_1_53' title='bbox 1234 578 1256 605; x_wconf 90' lang='lat' dir='ltr'><strong>a</strong></span> <span class='ocrx_word' id='word_1_54' title='bbox 1281 563 1399 617; x_wconf 69' lang='lat' dir='ltr'><strong>nohis</strong></span> <span class='ocrx_word' id='word_1_55' title='bbox 1425 565 1504 605; x_wconf 89' lang='lat' dir='ltr'><strong>cito</strong></span> 
     </span>
     <span class='ocr_line' id='line_1_8' title="bbox 133 625 1500 680; baseline -0.002 -13"><span class='ocrx_word' id='word_1_56' title='bbox 133 627 355 680; x_wconf 87' lang='lat' dir='ltr'><strong>profectum</strong></span> <span class='ocrx_word' id='word_1_57' title='bbox 388 639 479 666; x_wconf 92' lang='lat' dir='ltr'><strong>cum</strong></span> <span class='ocrx_word' id='word_1_58' title='bbox 506 627 682 679; x_wconf 88' lang='lat' dir='ltr'><strong>quipiam</strong></span> <span class='ocrx_word' id='word_1_59' title='bbox 707 625 981 679; x_wconf 84' lang='lat' dir='ltr'><strong>prodidissent</strong></span> <span class='ocrx_word' id='word_1_60' title='bbox 1000 625 1049 665; x_wconf 92' lang='lat' dir='ltr'><strong>de</strong></span> <span class='ocrx_word' id='word_1_61' title='bbox 1070 625 1289 666; x_wconf 86' lang='lat' dir='ltr'><strong>viatoribus</strong></span> <span class='ocrx_word' id='word_1_62' title='bbox 1308 625 1500 678; x_wconf 79' lang='lat' dir='ltr'><strong>mysticae</strong></span> 
     </span>
     <span class='ocr_line' id='line_1_9' title="bbox 133 684 1504 740; baseline -0.002 -13"><span class='ocrx_word' id='word_1_63' title='bbox 133 699 249 740; x_wconf 86' lang='lat' dir='ltr'><strong>gazae</strong></span> <span class='ocrx_word' id='word_1_64' title='bbox 282 687 428 727; x_wconf 88' lang='lat' dir='ltr'><strong>clausis</strong></span> <span class='ocrx_word' id='word_1_65' title='bbox 461 686 679 726; x_wconf 88' lang='lat' dir='ltr'><strong>involucris</strong></span> <span class='ocrx_word' id='word_1_66' title='bbox 719 685 820 726; x_wconf 90' lang='lat' dir='ltr'><strong>clam</strong></span> <span class='ocrx_word' id='word_1_67' title='bbox 858 685 964 725; x_wconf 89' lang='lat' dir='ltr'><strong>ferre</strong></span> <span class='ocrx_word' id='word_1_68' title='bbox 1002 684 1233 740; x_wconf 83' lang='lat' dir='ltr'><strong>thesauros,</strong></span> <span class='ocrx_word' id='word_1_69' title='bbox 1271 684 1504 738; x_wconf 87' lang='lat' dir='ltr'><strong>pernicibus</strong></span> 
     </span>
     <span class='ocr_line' id='line_1_10' title="bbox 133 745 1506 803; baseline -0.001 -16"><span class='ocrx_word' id='word_1_70' title='bbox 133 749 247 799; x_wconf 89' lang='lat' dir='ltr'><strong>equis</strong></span> <span class='ocrx_word' id='word_1_71' title='bbox 279 748 486 787; x_wconf 85' lang='lat' dir='ltr'><strong>insecutus</strong></span> <span class='ocrx_word' id='word_1_72' title='bbox 518 746 743 799; x_wconf 88' lang='lat' dir='ltr'><strong>abeuntem,</strong></span> <span class='ocrx_word' id='word_1_73' title='bbox 785 747 855 798; x_wconf 90' lang='lat' dir='ltr'><strong>qui</strong></span> <span class='ocrx_word' id='word_1_74' title='bbox 886 745 1001 786; x_wconf 86' lang='lat' dir='ltr'><strong>facile</strong></span> <span class='ocrx_word' id='word_1_75' title='bbox 1033 751 1200 799; x_wconf 90' lang='lat' dir='ltr'><strong>possent</strong></span> <span class='ocrx_word' id='word_1_76' title='bbox 1231 747 1392 803; x_wconf 62' lang='lat' dir='ltr'><strong>itineris</strong></span> <span class='ocrx_word' id='word_1_77' title='bbox 1423 746 1506 798; x_wconf 91' lang='lat' dir='ltr'><strong>pri-</strong></span> 
     </span>
     <span class='ocr_line' id='line_1_11' title="bbox 80 805 1505 861; baseline 0.001 -17"><span class='ocrx_word' id='word_1_78' title='bbox 80 808 240 847; x_wconf 80' lang='lat' dir='ltr'><strong>10&#39;diani</strong></span> <span class='ocrx_word' id='word_1_79' title='bbox 273 809 399 860; x_wconf 88' lang='lat' dir='ltr'><strong>spatia</strong></span> <span class='ocrx_word' id='word_1_80' title='bbox 430 811 697 861; x_wconf 87' lang='lat' dir='ltr'><strong>praevertere,</strong></span> <span class='ocrx_word' id='word_1_81' title='bbox 731 806 867 846; x_wconf 91' lang='lat' dir='ltr'><strong>osculo</strong></span> <span class='ocrx_word' id='word_1_82' title='bbox 894 807 937 846; x_wconf 91' lang='lat' dir='ltr'><strong>in</strong></span> <span class='ocrx_word' id='word_1_83' title='bbox 966 806 1101 846; x_wconf 81' lang='lat' dir='ltr'><strong>fauces</strong></span> <span class='ocrx_word' id='word_1_84' title='bbox 1128 807 1312 859; x_wconf 90' lang='lat' dir='ltr'><strong>occupati</strong></span> <span class='ocrx_word' id='word_1_85' title='bbox 1337 805 1505 846; x_wconf 88' lang='lat' dir='ltr'><strong>latronis</strong></span> 
     </span>
     <span class='ocr_line' id='line_1_12' title="bbox 132 866 1507 921; baseline -0.001 -14"><span class='ocrx_word' id='word_1_86' title='bbox 132 867 286 920; x_wconf 88' lang='lat' dir='ltr'><strong>insilui,</strong></span> <span class='ocrx_word' id='word_1_87' title='bbox 330 867 503 906; x_wconf 92' lang='lat' dir='ltr'><strong>humano</strong></span> <span class='ocrx_word' id='word_1_88' title='bbox 550 868 656 921; x_wconf 81' lang='lat' dir='ltr'><strong>ioco,</strong></span> <span class='ocrx_word' id='word_1_89' title='bbox 701 871 815 918; x_wconf 84' lang='lat' dir='ltr'><strong>gestu</strong></span> <span class='ocrx_word' id='word_1_90' title='bbox 860 866 1008 920; x_wconf 88' lang='lat' dir='ltr'><strong>ferino,</strong></span> <span class='ocrx_word' id='word_1_91' title='bbox 1051 866 1175 907; x_wconf 86' lang='lat' dir='ltr'><strong>veluti</strong></span> <span class='ocrx_word' id='word_1_92' title='bbox 1213 868 1249 907; x_wconf 91' lang='lat' dir='ltr'><strong>si</strong></span> <span class='ocrx_word' id='word_1_93' title='bbox 1286 877 1507 907; x_wconf 86' lang='lat' dir='ltr'><strong>excussura</strong></span> 
     </span>
     <span class='ocr_line' id='line_1_13' title="bbox 133 924 1507 980; baseline -0.001 -13"><span class='ocrx_word' id='word_1_94' title='bbox 133 939 425 980; x_wconf 90' lang='lat' dir='ltr'><strong>quemcumque</strong></span> <span class='ocrx_word' id='word_1_95' title='bbox 459 926 682 966; x_wconf 88' lang='lat' dir='ltr'><strong>catulorum</strong></span> <span class='ocrx_word' id='word_1_96' title='bbox 713 926 849 966; x_wconf 86' lang='lat' dir='ltr'><strong>Parthi</strong></span> <span class='ocrx_word' id='word_1_97' title='bbox 882 926 982 966; x_wconf 88' lang='lat' dir='ltr'><strong>colla</strong></span> <span class='ocrx_word' id='word_1_98' title='bbox 1014 924 1188 980; x_wconf 87' lang='lat' dir='ltr'><strong>raptoris</strong></span> <span class='ocrx_word' id='word_1_99' title='bbox 1220 926 1322 980; x_wconf 92' lang='lat' dir='ltr'><strong>pede</strong></span> <span class='ocrx_word' id='word_1_100' title='bbox 1354 925 1507 966; x_wconf 86' lang='lat' dir='ltr'><strong>volatili</strong></span> 
     </span>
     <span class='ocr_line' id='line_1_14' title="bbox 131 985 1507 1041; baseline -0.001 -14"><span class='ocrx_word' id='word_1_101' title='bbox 131 989 249 1039; x_wconf 87' lang='lat' dir='ltr'><strong>tigris</strong></span> <span class='ocrx_word' id='word_1_102' title='bbox 282 987 419 1027; x_wconf 84' lang='lat' dir='ltr'><strong>orbata</strong></span> <span class='ocrx_word' id='word_1_103' title='bbox 452 988 730 1040; x_wconf 88' lang='lat' dir='ltr'><strong>superemicet.</strong></span> <span class='ocrx_word' id='word_1_104' title='bbox 793 985 831 1028; x_wconf 82' lang='lat'><strong>8.</strong></span> <span class='ocrx_word' id='word_1_105' title='bbox 866 987 962 1039; x_wconf 90' lang='lat' dir='ltr'><strong>quid</strong></span> <span class='ocrx_word' id='word_1_106' title='bbox 1000 985 1154 1027; x_wconf 78' lang='lat' dir='ltr'><strong>multa?</strong></span> <span class='ocrx_word' id='word_1_107' title='bbox 1199 988 1305 1041; x_wconf 88' lang='lat' dir='ltr'><strong>capti</strong></span> <span class='ocrx_word' id='word_1_108' title='bbox 1334 986 1507 1039; x_wconf 88' lang='lat' dir='ltr'><strong>hospitis</strong></span> 
     </span>
     <span class='ocr_line' id='line_1_15' title="bbox 134 1045 1506 1101; baseline 0 -15"><span class='ocrx_word' id='word_1_109' title='bbox 134 1059 261 1099; x_wconf 85' lang='lat' dir='ltr'><strong>genua</strong></span> <span class='ocrx_word' id='word_1_110' title='bbox 294 1046 538 1100; x_wconf 86' lang='lat' dir='ltr'><strong>complector</strong></span> <span class='ocrx_word' id='word_1_111' title='bbox 570 1049 748 1087; x_wconf 85' lang='lat' dir='ltr'><strong>iumenta</strong></span> <span class='ocrx_word' id='word_1_112' title='bbox 781 1048 891 1101; x_wconf 87' lang='lat' dir='ltr'><strong>sisto,</strong></span> <span class='ocrx_word' id='word_1_113' title='bbox 923 1047 1037 1087; x_wconf 85' lang='lat' dir='ltr'><strong>frena</strong></span> <span class='ocrx_word' id='word_1_114' title='bbox 1068 1047 1148 1100; x_wconf 86' lang='lat' dir='ltr'><strong>ligo</strong></span> <span class='ocrx_word' id='word_1_115' title='bbox 1179 1048 1357 1087; x_wconf 87' lang='lat' dir='ltr'><strong>sarcinas</strong></span> <span class='ocrx_word' id='word_1_116' title='bbox 1384 1045 1506 1100; x_wconf 91' lang='lat' dir='ltr'><strong>solvo,</strong></span> 
     </span>
     <span class='ocr_line' id='line_1_16' title="bbox 79 1107 1508 1161; baseline 0.001 -16"><span class='ocrx_word' id='word_1_117' title='bbox 79 1118 114 1145; x_wconf 91' lang='lat'><strong>15</strong></span> <span class='ocrx_word' id='word_1_118' title='bbox 135 1109 359 1159; x_wconf 88' lang='lat' dir='ltr'><strong>quaesitum</strong></span> <span class='ocrx_word' id='word_1_119' title='bbox 379 1107 565 1146; x_wconf 88' lang='lat' dir='ltr'><strong>volumen</strong></span> <span class='ocrx_word' id='word_1_120' title='bbox 585 1109 743 1147; x_wconf 90' lang='lat' dir='ltr'><strong>invenio</strong></span> <span class='ocrx_word' id='word_1_121' title='bbox 763 1107 955 1161; x_wconf 81' lang='lat' dir='ltr'><strong>produco,</strong></span> <span class='ocrx_word' id='word_1_122' title='bbox 981 1107 1117 1147; x_wconf 91' lang='lat' dir='ltr'><strong>lectito</strong></span> <span class='ocrx_word' id='word_1_123' title='bbox 1141 1119 1313 1160; x_wconf 84' lang='lat' dir='ltr'><strong>excerpo</strong></span> <span class='ocrx_word' id='word_1_124' title='bbox 1333 1108 1508 1147; x_wconf 87' lang='lat' dir='ltr'><strong>maxima</strong></span> 
     </span>
     <span class='ocr_line' id='line_1_17' title="bbox 136 1165 1503 1220; baseline 0.001 -14"><span class='ocrx_word' id='word_1_125' title='bbox 136 1180 183 1206; x_wconf 83' lang='lat' dir='ltr'><strong>ex</strong></span> <span class='ocrx_word' id='word_1_126' title='bbox 216 1169 371 1219; x_wconf 82' lang='lat' dir='ltr'><strong>magnis</strong></span> <span class='ocrx_word' id='word_1_127' title='bbox 405 1169 532 1220; x_wconf 85' lang='lat' dir='ltr'><strong>capita</strong></span> <span class='ocrx_word' id='word_1_128' title='bbox 571 1165 809 1207; x_wconf 88' lang='lat' dir='ltr'><strong>defrustans.</strong></span> <span class='ocrx_word' id='word_1_129' title='bbox 871 1167 1014 1207; x_wconf 88' lang='lat' dir='ltr'><strong>tribuit</strong></span> <span class='ocrx_word' id='word_1_130' title='bbox 1046 1172 1086 1207; x_wconf 87' lang='lat' dir='ltr'><strong>et</strong></span> <span class='ocrx_word' id='word_1_131' title='bbox 1118 1167 1318 1220; x_wconf 91' lang='lat' dir='ltr'><strong>quoddam</strong></span> <span class='ocrx_word' id='word_1_132' title='bbox 1350 1166 1503 1207; x_wconf 86' lang='lat' dir='ltr'><strong>dictare</strong></span> 
     </span>
     <span class='ocr_line' id='line_1_18' title="bbox 132 1226 1503 1281; baseline 0.001 -15"><span class='ocrx_word' id='word_1_133' title='bbox 132 1226 323 1267; x_wconf 90' lang='lat' dir='ltr'><strong>celeranti</strong></span> <span class='ocrx_word' id='word_1_134' title='bbox 355 1227 577 1267; x_wconf 85' lang='lat' dir='ltr'><strong>scribarum</strong></span> <span class='ocrx_word' id='word_1_135' title='bbox 616 1229 839 1280; x_wconf 89' lang='lat' dir='ltr'><strong>sequacitas</strong></span> <span class='ocrx_word' id='word_1_136' title='bbox 879 1227 1053 1268; x_wconf 91' lang='lat' dir='ltr'><strong>saltuosa</strong></span> <span class='ocrx_word' id='word_1_137' title='bbox 1091 1227 1393 1281; x_wconf 87' lang='lat' dir='ltr'><strong>compendium,</strong></span> <span class='ocrx_word' id='word_1_138' title='bbox 1432 1227 1503 1280; x_wconf 89' lang='lat' dir='ltr'><strong>qui</strong></span> 
     </span>
     <span class='ocr_line' id='line_1_19' title="bbox 134 1287 1504 1340; baseline 0 -14"><span class='ocrx_word' id='word_1_139' title='bbox 134 1287 524 1339; x_wconf 87' lang='lat' dir='ltr'><strong>comprehendebant</strong></span> <span class='ocrx_word' id='word_1_140' title='bbox 557 1289 682 1339; x_wconf 84' lang='lat' dir='ltr'><strong>signis</strong></span> <span class='ocrx_word' id='word_1_141' title='bbox 715 1288 820 1340; x_wconf 89' lang='lat' dir='ltr'><strong>quod</strong></span> <span class='ocrx_word' id='word_1_142' title='bbox 859 1287 1006 1328; x_wconf 87' lang='lat' dir='ltr'><strong>litteris</strong></span> <span class='ocrx_word' id='word_1_143' title='bbox 1038 1300 1119 1328; x_wconf 91' lang='lat' dir='ltr'><strong>non</strong></span> <span class='ocrx_word' id='word_1_144' title='bbox 1151 1287 1352 1328; x_wconf 87' lang='lat' dir='ltr'><strong>tenebant.</strong></span> <span class='ocrx_word' id='word_1_145' title='bbox 1416 1288 1504 1340; x_wconf 89' lang='lat' dir='ltr'><strong>qui-</strong></span> 
     </span>
     <span class='ocr_line' id='line_1_20' title="bbox 132 1346 1506 1401; baseline 0.001 -15"><span class='ocrx_word' id='word_1_146' title='bbox 132 1346 208 1386; x_wconf 90' lang='lat' dir='ltr'><strong>bus</strong></span> <span class='ocrx_word' id='word_1_147' title='bbox 240 1346 416 1387; x_wconf 87' lang='lat' dir='ltr'><strong>lacrimis</strong></span> <span class='ocrx_word' id='word_1_148' title='bbox 449 1359 543 1387; x_wconf 90' lang='lat' dir='ltr'><strong>sane</strong></span> <span class='ocrx_word' id='word_1_149' title='bbox 575 1347 847 1388; x_wconf 87' lang='lat' dir='ltr'><strong>maduerimus</strong></span> <span class='ocrx_word' id='word_1_150' title='bbox 879 1353 1018 1388; x_wconf 90' lang='lat' dir='ltr'><strong>mutuo</strong></span> <span class='ocrx_word' id='word_1_151' title='bbox 1044 1349 1223 1389; x_wconf 83' lang='lat' dir='ltr'><strong>vicissim</strong></span> <span class='ocrx_word' id='word_1_152' title='bbox 1250 1347 1348 1388; x_wconf 84' lang='lat' dir='ltr'><strong>fletu</strong></span> <span class='ocrx_word' id='word_1_153' title='bbox 1374 1348 1506 1401; x_wconf 87' lang='lat' dir='ltr'><strong>rigati,</strong></span> 
     </span>
     <span class='ocr_line' id='line_1_21' title="bbox 79 1406 1506 1463; baseline 0.001 -17"><span class='ocrx_word' id='word_1_154' title='bbox 79 1420 114 1446; x_wconf 78' lang='lat'><strong>20</strong></span> <span class='ocrx_word' id='word_1_155' title='bbox 135 1412 229 1446; x_wconf 89' lang='lat' dir='ltr'><strong>tunc</strong></span> <span class='ocrx_word' id='word_1_156' title='bbox 262 1420 352 1446; x_wconf 89' lang='lat' dir='ltr'><strong>cum</strong></span> <span class='ocrx_word' id='word_1_157' title='bbox 384 1406 431 1446; x_wconf 90' lang='lat' dir='ltr'><strong>ab</strong></span> <span class='ocrx_word' id='word_1_158' title='bbox 459 1407 642 1460; x_wconf 84' lang='lat' dir='ltr'><strong>amplexu</strong></span> <span class='ocrx_word' id='word_1_159' title='bbox 669 1420 786 1461; x_wconf 88' lang='lat' dir='ltr'><strong>saepe</strong></span> <span class='ocrx_word' id='word_1_160' title='bbox 817 1410 989 1461; x_wconf 90' lang='lat' dir='ltr'><strong>repetito</strong></span> <span class='ocrx_word' id='word_1_161' title='bbox 1017 1421 1310 1463; x_wconf 88' lang='lat' dir='ltr'><strong>separaremur,</strong></span> <span class='ocrx_word' id='word_1_162' title='bbox 1340 1407 1506 1460; x_wconf 85' lang='lat' dir='ltr'><strong>longum</strong></span> 
     </span>
     <span class='ocr_line' id='line_1_22' title="bbox 134 1466 1504 1522; baseline 0.001 -16"><span class='ocrx_word' id='word_1_163' title='bbox 134 1471 195 1506; x_wconf 85' lang='lat' dir='ltr'><strong>est</strong></span> <span class='ocrx_word' id='word_1_164' title='bbox 239 1466 386 1506; x_wconf 87' lang='lat' dir='ltr'><strong>dixisse</strong></span> <span class='ocrx_word' id='word_1_165' title='bbox 431 1480 506 1507; x_wconf 90' lang='lat' dir='ltr'><strong>nec</strong></span> <span class='ocrx_word' id='word_1_166' title='bbox 544 1468 685 1522; x_wconf 80' lang='lat' dir='ltr'><strong>refert3</strong></span> <span class='ocrx_word' id='word_1_167' title='bbox 730 1469 836 1521; x_wconf 78' lang='lat' dir='ltr'><strong>quod</strong></span> <span class='ocrx_word' id='word_1_168' title='bbox 880 1468 1114 1521; x_wconf 89' lang='lat' dir='ltr'><strong>triumphali</strong></span> <span class='ocrx_word' id='word_1_169' title='bbox 1158 1468 1307 1509; x_wconf 87' lang='lat' dir='ltr'><strong>sufficit</strong></span> <span class='ocrx_word' id='word_1_170' title='bbox 1347 1467 1504 1521; x_wconf 84' lang='lat' dir='ltr'><strong>gaudio,</strong></span> 
     </span>
     <span class='ocr_line' id='line_1_23' title="bbox 133 1526 1504 1582; baseline 0.003 -17"><span class='ocrx_word' id='word_1_171' title='bbox 133 1526 272 1578; x_wconf 92' lang='lat' dir='ltr'><strong>spoliis</strong></span> <span class='ocrx_word' id='word_1_172' title='bbox 315 1532 501 1566; x_wconf 87' lang='lat' dir='ltr'><strong>onustum</strong></span> <span class='ocrx_word' id='word_1_173' title='bbox 540 1529 715 1567; x_wconf 88' lang='lat' dir='ltr'><strong>caritatis</strong></span> <span class='ocrx_word' id='word_1_174' title='bbox 755 1533 794 1568; x_wconf 93' lang='lat' dir='ltr'><strong>et</strong></span> <span class='ocrx_word' id='word_1_175' title='bbox 839 1529 1031 1581; x_wconf 88' lang='lat' dir='ltr'><strong>spiritalis</strong></span> <span class='ocrx_word' id='word_1_176' title='bbox 1070 1534 1296 1582; x_wconf 87' lang='lat' dir='ltr'><strong>compotem</strong></span> <span class='ocrx_word' id='word_1_177' title='bbox 1332 1527 1504 1581; x_wconf 83' lang='lat' dir='ltr'><strong>praedae</strong></span> 
     </span>
     <span class='ocr_line' id='line_1_24' title="bbox 131 1586 1504 1644; baseline 0.001 -19"><span class='ocrx_word' id='word_1_178' title='bbox 131 1598 196 1626; x_wconf 89' lang='lat' dir='ltr'><strong>me</strong></span> <span class='ocrx_word' id='word_1_179' title='bbox 229 1587 390 1626; x_wconf 90' lang='lat' dir='ltr'><strong>domum</strong></span> <span class='ocrx_word' id='word_1_180' title='bbox 428 1587 574 1627; x_wconf 83' lang='lat' dir='ltr'><strong>rettuli.</strong></span> <span class='ocrx_word' id='word_1_181' title='bbox 639 1586 677 1628; x_wconf 85' lang='lat'><strong>9.</strong></span> <span class='ocrx_word' id='word_1_182' title='bbox 711 1590 870 1640; x_wconf 87' lang='lat' dir='ltr'><strong>quaeris</strong></span> <span class='ocrx_word' id='word_1_183' title='bbox 908 1602 1033 1644; x_wconf 90' lang='lat' dir='ltr'><strong>nunc,</strong></span> <span class='ocrx_word' id='word_1_184' title='bbox 1079 1589 1175 1642; x_wconf 92' lang='lat' dir='ltr'><strong>quid</strong></span> <span class='ocrx_word' id='word_1_185' title='bbox 1214 1589 1263 1629; x_wconf 93' lang='lat' dir='ltr'><strong>de</strong></span> <span class='ocrx_word' id='word_1_186' title='bbox 1301 1587 1504 1628; x_wconf 80' lang='lat' dir='ltr'><strong>manubiis</strong></span> 
     </span>
     <span class='ocr_line' id='line_1_25' title="bbox 131 1647 1503 1704; baseline 0.002 -19"><span class='ocrx_word' id='word_1_187' title='bbox 131 1647 234 1686; x_wconf 88' lang='lat' dir='ltr'><strong>meis</strong></span> <span class='ocrx_word' id='word_1_188' title='bbox 266 1647 449 1687; x_wconf 87' lang='lat' dir='ltr'><strong>iudicem.</strong></span> <span class='ocrx_word' id='word_1_189' title='bbox 507 1647 653 1687; x_wconf 90' lang='lat' dir='ltr'><strong>nollem</strong></span> <span class='ocrx_word' id='word_1_190' title='bbox 684 1648 812 1688; x_wconf 88' lang='lat' dir='ltr'><strong>adhuc</strong></span> <span class='ocrx_word' id='word_1_191' title='bbox 844 1649 1028 1704; x_wconf 89' lang='lat' dir='ltr'><strong>prodere,</strong></span> <span class='ocrx_word' id='word_1_192' title='bbox 1062 1662 1140 1702; x_wconf 91' lang='lat' dir='ltr'><strong>quo</strong></span> <span class='ocrx_word' id='word_1_193' title='bbox 1173 1649 1403 1694; x_wconf 86' lang='lat' dir='ltr'><strong>diuturnius</strong></span> <span class='ocrx_word' id='word_1_194' title='bbox 1435 1660 1503 1688; x_wconf 89' lang='lat' dir='ltr'><strong>ex-</strong></span> 
     </span>
     <span class='ocr_line' id='line_1_26' title="bbox 78 1707 1504 1763; baseline 0.002 -18"><span class='ocrx_word' id='word_1_195' title='bbox 78 1718 112 1744; x_wconf 84' lang='lat'><strong>25</strong></span> <span class='ocrx_word' id='word_1_196' title='bbox 132 1708 357 1758; x_wconf 87' lang='lat' dir='ltr'><strong>pectatione</strong></span> <span class='ocrx_word' id='word_1_197' title='bbox 397 1707 612 1762; x_wconf 69' lang='lat' dir='ltr'><strong>penderes,</strong></span> <span class='ocrx_word' id='word_1_198' title='bbox 658 1708 747 1761; x_wconf 90' lang='lat' dir='ltr'><strong>plus</strong></span> <span class='ocrx_word' id='word_1_199' title='bbox 792 1721 855 1748; x_wconf 91' lang='lat' dir='ltr'><strong>me</strong></span> <span class='ocrx_word' id='word_1_200' title='bbox 895 1711 1003 1749; x_wconf 90' lang='lat' dir='ltr'><strong>enim</strong></span> <span class='ocrx_word' id='word_1_201' title='bbox 1041 1709 1279 1763; x_wconf 84' lang='lat' dir='ltr'><strong>ulciscerer,</strong></span> <span class='ocrx_word' id='word_1_202' title='bbox 1323 1710 1359 1749; x_wconf 90' lang='lat' dir='ltr'><strong>si</strong></span> <span class='ocrx_word' id='word_1_203' title='bbox 1397 1707 1504 1761; x_wconf 88' lang='lat' dir='ltr'><strong>quod</strong></span> 
     </span>
     <span class='ocr_line' id='line_1_27' title="bbox 134 1767 1504 1823; baseline 0.001 -18"><span class='ocrx_word' id='word_1_204' title='bbox 134 1767 244 1806; x_wconf 89' lang='lat' dir='ltr'><strong>sensi</strong></span> <span class='ocrx_word' id='word_1_205' title='bbox 275 1771 461 1806; x_wconf 85' lang='lat' dir='ltr'><strong>tacerem.</strong></span> <span class='ocrx_word' id='word_1_206' title='bbox 514 1768 583 1807; x_wconf 86' lang='lat' dir='ltr'><strong>sed</strong></span> <span class='ocrx_word' id='word_1_207' title='bbox 616 1769 694 1807; x_wconf 88' lang='lat' dir='ltr'><strong>iam</strong></span> <span class='ocrx_word' id='word_1_208' title='bbox 726 1781 800 1808; x_wconf 90' lang='lat' dir='ltr'><strong>nec</strong></span> <span class='ocrx_word' id='word_1_209' title='bbox 832 1771 919 1821; x_wconf 90' lang='lat' dir='ltr'><strong>ipse</strong></span> <span class='ocrx_word' id='word_1_210' title='bbox 953 1771 1099 1810; x_wconf 86' lang='lat' dir='ltr'><strong>frustra</strong></span> <span class='ocrx_word' id='word_1_211' title='bbox 1135 1769 1333 1823; x_wconf 78' lang='lat' dir='ltr'><strong>superbis,</strong></span> <span class='ocrx_word' id='word_1_212' title='bbox 1365 1773 1504 1821; x_wconf 87' lang='lat' dir='ltr'><strong>utpote</strong></span> 
     </span>
     <span class='ocr_line' id='line_1_28' title="bbox 132 1825 1506 1884; baseline 0.002 -19"><span class='ocrx_word' id='word_1_213' title='bbox 132 1825 370 1878; x_wconf 82' lang='lat' dir='ltr'><strong>intellegens</strong></span> <span class='ocrx_word' id='word_1_214' title='bbox 409 1827 483 1866; x_wconf 87' lang='lat' dir='ltr'><strong>tibi</strong></span> <span class='ocrx_word' id='word_1_215' title='bbox 515 1829 647 1867; x_wconf 86' lang='lat' dir='ltr'><strong>inesse</strong></span> <span class='ocrx_word' id='word_1_216' title='bbox 686 1829 874 1868; x_wconf 90' lang='lat' dir='ltr'><strong>virtutem</strong></span> <span class='ocrx_word' id='word_1_217' title='bbox 914 1830 971 1870; x_wconf 88' lang='lat' dir='ltr'><strong>sic</strong></span> <span class='ocrx_word' id='word_1_218' title='bbox 1009 1829 1243 1884; x_wconf 87' lang='lat' dir='ltr'><strong>perorandi,</strong></span> <span class='ocrx_word' id='word_1_219' title='bbox 1286 1828 1332 1870; x_wconf 84' lang='lat' dir='ltr'><strong>ut</strong></span> <span class='ocrx_word' id='word_1_220' title='bbox 1362 1828 1506 1869; x_wconf 89' lang='lat' dir='ltr'><strong>lectori</strong></span> 
     </span>
     <span class='ocr_line' id='line_1_29' title="bbox 132 1886 1508 1943; baseline 0.002 -18"><span class='ocrx_word' id='word_1_221' title='bbox 132 1890 201 1925; x_wconf 90' lang='lat' dir='ltr'><strong>tuo</strong></span> <span class='ocrx_word' id='word_1_222' title='bbox 247 1898 318 1926; x_wconf 87' lang='lat' dir='ltr'><strong>seu</strong></span> <span class='ocrx_word' id='word_1_223' title='bbox 364 1886 577 1926; x_wconf 83' lang='lat' dir='ltr'><strong>reluctanti</strong></span> <span class='ocrx_word' id='word_1_224' title='bbox 616 1900 686 1927; x_wconf 89' lang='lat' dir='ltr'><strong>seu</strong></span> <span class='ocrx_word' id='word_1_225' title='bbox 723 1888 945 1929; x_wconf 89' lang='lat' dir='ltr'><strong>voluntario</strong></span> <span class='ocrx_word' id='word_1_226' title='bbox 984 1892 1044 1930; x_wconf 83' lang='lat' dir='ltr'><strong>vis</strong></span> <span class='ocrx_word' id='word_1_227' title='bbox 1083 1889 1298 1943; x_wconf 88' lang='lat' dir='ltr'><strong>voluptatis</strong></span> <span class='ocrx_word' id='word_1_228' title='bbox 1336 1888 1508 1929; x_wconf 86' lang='lat' dir='ltr'><strong>excudat</strong></span> 
     </span>
     <span class='ocr_line' id='line_1_30' title="bbox 132 1947 1504 2003; baseline 0.002 -18"><span class='ocrx_word' id='word_1_229' title='bbox 132 1947 338 1998; x_wconf 88' lang='lat' dir='ltr'><strong>praeconii</strong></span> <span class='ocrx_word' id='word_1_230' title='bbox 357 1949 649 1987; x_wconf 86' lang='lat' dir='ltr'><strong>necessitatem.</strong></span> <span class='ocrx_word' id='word_1_231' title='bbox 700 1949 867 2000; x_wconf 89' lang='lat' dir='ltr'><strong>proinde</strong></span> <span class='ocrx_word' id='word_1_232' title='bbox 895 1951 1043 2003; x_wconf 87' lang='lat' dir='ltr'><strong>accipe,</strong></span> <span class='ocrx_word' id='word_1_233' title='bbox 1076 1950 1172 2003; x_wconf 90' lang='lat' dir='ltr'><strong>quid</strong></span> <span class='ocrx_word' id='word_1_234' title='bbox 1200 1962 1322 2003; x_wconf 88' lang='lat' dir='ltr'><strong>super</strong></span> <span class='ocrx_word' id='word_1_235' title='bbox 1342 1949 1504 2001; x_wconf 89' lang='lat' dir='ltr'><strong>scriptis</strong></span> 
     </span>
     <span class='ocr_line' id='line_1_31' title="bbox 76 2007 1505 2063; baseline 0.002 -18"><span class='ocrx_word' id='word_1_236' title='bbox 76 2018 113 2044; x_wconf 78' lang='lat'><strong>30</strong></span> <span class='ocrx_word' id='word_1_237' title='bbox 132 2007 212 2046; x_wconf 86' lang='lat' dir='ltr'><strong>tuis</strong></span> <span class='ocrx_word' id='word_1_238' title='bbox 239 2011 278 2046; x_wconf 86' lang='lat' dir='ltr'><strong>et</strong></span> <span class='ocrx_word' id='word_1_239' title='bbox 298 2007 485 2046; x_wconf 90' lang='lat' dir='ltr'><strong>iniuriam</strong></span> <span class='ocrx_word' id='word_1_240' title='bbox 506 2009 614 2059; x_wconf 82' lang='lat' dir='ltr'><strong>passi</strong></span> <span class='ocrx_word' id='word_1_241' title='bbox 640 2020 885 2048; x_wconf 83' lang='lat' dir='ltr'><strong>censeamus.</strong></span> <span class='ocrx_word' id='word_1_242' title='bbox 940 2008 1007 2050; x_wconf 88' lang='grc'><strong>10.</strong></span> <span class='ocrx_word' id='word_1_243' title='bbox 1040 2010 1211 2063; x_wconf 85' lang='lat' dir='ltr'><strong>legimus</strong></span> <span class='ocrx_word' id='word_1_244' title='bbox 1237 2022 1338 2063; x_wconf 92' lang='lat' dir='ltr'><strong>opus</strong></span> <span class='ocrx_word' id='word_1_245' title='bbox 1365 2020 1505 2062; x_wconf 90' lang='lat' dir='ltr'><strong>opero-</strong></span> 
     </span>
    </p>
   </div>
   <div class='ocr_carea' id='block_1_3' title="bbox 133 2145 1508 2290">
    <p class='ocr_par' dir='ltr' id='par_1_4' title="bbox 133 2145 1508 2290">
     <span class='ocr_line' id='line_1_32' title="bbox 229 2145 1506 2195; baseline 0.003 -15"><span class='ocrx_word' id='word_1_246' title='bbox 229 2149 250 2180; x_wconf 88' lang='grc'>2</span> <span class='ocrx_word' id='word_1_247' title='bbox 286 2145 463 2181; x_wconf 83' lang='lat' dir='ltr'><strong>immanis</strong></span> <span class='ocrx_word' id='word_1_248' title='bbox 503 2146 756 2193; x_wconf 70' lang='lat' dir='ltr'><strong>Luetjohawn,</strong></span> <span class='ocrx_word' id='word_1_249' title='bbox 796 2147 974 2194; x_wconf 75' lang='lat' dir='ltr'><strong>imaginis</strong></span> <span class='ocrx_word' id='word_1_250' title='bbox 1014 2150 1065 2185; x_wconf 91' lang='lat' dir='ltr'><em>M</em></span> <span class='ocrx_word' id='word_1_251' title='bbox 1074 2150 1157 2195; x_wconf 76' lang='lat' dir='ltr'><strong>GP,</strong></span> <span class='ocrx_word' id='word_1_252' title='bbox 1196 2148 1386 2195; x_wconf 85' lang='lat' dir='ltr'><strong>ymaginis</strong></span> <span class='ocrx_word' id='word_1_253' title='bbox 1421 2148 1463 2184; x_wconf 83' lang='lat' dir='ltr'><strong><em>F</em></strong></span> <span class='ocrx_word' id='word_1_254' title='bbox 1497 2148 1506 2193; x_wconf 78' lang='grc' dir='ltr'>ξ</span> 
     </span>
     <span class='ocr_line' id='line_1_33' title="bbox 133 2193 1507 2244; baseline 0.002 -16"><span class='ocrx_word' id='word_1_255' title='bbox 133 2197 153 2229; x_wconf 85' lang='grc'><strong>7</strong></span> <span class='ocrx_word' id='word_1_256' title='bbox 182 2193 380 2240; x_wconf 82' lang='lat' dir='ltr'><strong>quippiam</strong></span> <span class='ocrx_word' id='word_1_257' title='bbox 409 2194 485 2230; x_wconf 77' lang='lat' dir='ltr'><strong>OF</strong></span> <span class='ocrx_word' id='word_1_258' title='bbox 514 2197 526 2238; x_wconf 78' lang='grc' dir='ltr'><strong>ΙΙ</strong></span> <span class='ocrx_word' id='word_1_259' title='bbox 558 2198 577 2229; x_wconf 89' lang='grc'><strong>9</strong></span> <span class='ocrx_word' id='word_1_260' title='bbox 605 2195 750 2240; x_wconf 77' lang='lat' dir='ltr'><strong>possint</strong></span> <span class='ocrx_word' id='word_1_261' title='bbox 778 2196 806 2241; x_wconf 82' lang='lat' dir='ltr'><strong>(i</strong></span> <span class='ocrx_word' id='word_1_262' title='bbox 832 2207 924 2232; x_wconf 74' lang='lat' dir='ltr'><strong>corr.</strong></span> <span class='ocrx_word' id='word_1_263' title='bbox 951 2198 992 2233; x_wconf 73' lang='lat' dir='ltr'><strong>in</strong></span> <span class='ocrx_word' id='word_1_264' title='bbox 1018 2209 1038 2233; x_wconf 92' lang='lat' dir='ltr'><strong>e</strong></span> <span class='ocrx_word' id='word_1_265' title='bbox 1064 2197 1285 2244; x_wconf 80' lang='lat' dir='ltr'><em>M¹)MGF</em></span> <span class='ocrx_word' id='word_1_266' title='bbox 1299 2198 1312 2244; x_wconf 76' lang='lat' dir='ltr'>n</span> <span class='ocrx_word' id='word_1_267' title='bbox 1338 2200 1382 2233; x_wconf 84' lang='lat'><strong>12</strong></span> <span class='ocrx_word' id='word_1_268' title='bbox 1410 2195 1507 2232; x_wconf 91' lang='lat' dir='ltr'><strong>collo</strong></span> 
     </span>
     <span class='ocr_line' id='line_1_34' title="bbox 134 2243 1508 2290; baseline 0.001 -13"><span class='ocrx_word' id='word_1_269' title='bbox 134 2244 241 2288; x_wconf 77' lang='lat' dir='ltr'><strong>(post.</strong></span> <span class='ocrx_word' id='word_1_270' title='bbox 276 2253 297 2277; x_wconf 95' lang='lat' dir='ltr'><strong>o</strong></span> <span class='ocrx_word' id='word_1_271' title='bbox 330 2243 374 2278; x_wconf 76' lang='lat' dir='ltr'><strong>in</strong></span> <span class='ocrx_word' id='word_1_272' title='bbox 403 2254 476 2279; x_wconf 80' lang='lat' dir='ltr'><strong>ras.</strong></span> <span class='ocrx_word' id='word_1_273' title='bbox 505 2243 730 2286; x_wconf 73' lang='lat' dir='ltr'><strong>111²)MPF</strong></span> <span class='ocrx_word' id='word_1_274' title='bbox 770 2245 774 2289; x_wconf 82' lang='grc' dir='ltr'>Ι</span> <span class='ocrx_word' id='word_1_275' title='bbox 816 2244 964 2287; x_wconf 76' lang='lat' dir='ltr'><strong>volatili</strong></span> <span class='ocrx_word' id='word_1_276' title='bbox 1003 2246 1172 2283; x_wconf 75' lang='lat' dir='ltr'><strong>Vatican.</strong></span> <span class='ocrx_word' id='word_1_277' title='bbox 1194 2248 1312 2290; x_wconf 81' lang='lat'><strong>3421,</strong></span> <span class='ocrx_word' id='word_1_278' title='bbox 1348 2243 1508 2280; x_wconf 81' lang='lat' dir='ltr'><strong>volatici</strong></span> 
     </span>
    </p>
   </div>
   <div class='ocr_carea' id='block_1_4' title="bbox 135 2289 1592 2340">
    <p class='ocr_par' dir='ltr' id='par_1_5' title="bbox 135 2289 1592 2340">
     <span class='ocr_line' id='line_1_35' title="bbox 135 2289 1592 2340; baseline 0.001 -14"><span class='ocrx_word' id='word_1_279' title='bbox 135 2292 243 2336; x_wconf 76' lang='lat' dir='ltr'><strong>(post.</strong></span> <span class='ocrx_word' id='word_1_280' title='bbox 264 2289 278 2324; x_wconf 89' lang='lat' dir='ltr'><strong>i</strong></span> <span class='ocrx_word' id='word_1_281' title='bbox 298 2301 390 2326; x_wconf 80' lang='lat' dir='ltr'><strong>corr.</strong></span> <span class='ocrx_word' id='word_1_282' title='bbox 411 2292 454 2326; x_wconf 76' lang='lat' dir='ltr'><strong>in</strong></span> <span class='ocrx_word' id='word_1_283' title='bbox 480 2302 500 2326; x_wconf 96' lang='lat' dir='ltr'><strong>o</strong></span> <span class='ocrx_word' id='word_1_284' title='bbox 523 2291 601 2335; x_wconf 80' lang='lat' dir='ltr'><strong>M1)</strong></span> <span class='ocrx_word' id='word_1_285' title='bbox 611 2291 661 2326; x_wconf 88' lang='lat' dir='ltr'><em>M</em></span> <span class='ocrx_word' id='word_1_286' title='bbox 668 2290 705 2336; x_wconf 79' lang='lat' dir='ltr'><strong>G,</strong></span> <span class='ocrx_word' id='word_1_287' title='bbox 730 2291 895 2327; x_wconf 79' lang='lat' dir='ltr'><strong>volatico</strong></span> <span class='ocrx_word' id='word_1_288' title='bbox 917 2293 1000 2328; x_wconf 87' lang='lat' dir='ltr'><strong>PF</strong></span> <span class='ocrx_word' id='word_1_289' title='bbox 1013 2295 1025 2340; x_wconf 74' lang='lat' dir='ltr'>ss</span> <span class='ocrx_word' id='word_1_290' title='bbox 1045 2297 1091 2329; x_wconf 84' lang='lat'><strong>20</strong></span> <span class='ocrx_word' id='word_1_291' title='bbox 1116 2294 1165 2330; x_wconf 85' lang='lat' dir='ltr'><strong>ab</strong></span> <span class='ocrx_word' id='word_1_292' title='bbox 1192 2305 1258 2330; x_wconf 88' lang='lat' dir='ltr'><strong>om.</strong></span> <span class='ocrx_word' id='word_1_293' title='bbox 1281 2293 1339 2339; x_wconf 80' lang='grc'><strong>011</strong></span> <span class='ocrx_word' id='word_1_294' title='bbox 1358 2297 1403 2329; x_wconf 83' lang='grc'><strong>23</strong></span> <span class='ocrx_word' id='word_1_295' title='bbox 1429 2303 1509 2327; x_wconf 78' lang='lat' dir='ltr'><strong>ma·</strong></span> <span class='ocrx_word' id='word_1_296' title='bbox 1574 2297 1592 2302; x_wconf 60' lang='lat'><strong>⁴·</strong></span> 
     </span>
    </p>
   </div>
   <div class='ocr_carea' id='block_1_5' title="bbox 129 2337 1509 2481">
    <p class='ocr_par' dir='ltr' id='par_1_6' title="bbox 129 2337 1509 2481">
     <span class='ocr_line' id='line_1_36' title="bbox 133 2337 1509 2386; baseline 0.003 -14"><span class='ocrx_word' id='word_1_297' title='bbox 133 2337 246 2373; x_wconf 81' lang='lat' dir='ltr'><strong>nibus</strong></span> <span class='ocrx_word' id='word_1_298' title='bbox 274 2340 383 2383; x_wconf 81' lang='lat' dir='ltr'><strong>(corr.</strong></span> <span class='ocrx_word' id='word_1_299' title='bbox 410 2339 453 2374; x_wconf 74' lang='lat' dir='ltr'><strong>in</strong></span> <span class='ocrx_word' id='word_1_300' title='bbox 478 2338 666 2374; x_wconf 83' lang='lat' dir='ltr'><strong>manubiis</strong></span> <span class='ocrx_word' id='word_1_301' title='bbox 693 2339 759 2384; x_wconf 71' lang='lat' dir='ltr'><strong>P1)</strong></span> <span class='ocrx_word' id='word_1_302' title='bbox 773 2339 843 2375; x_wconf 79' lang='lat' dir='ltr'><strong>GP</strong></span> <span class='ocrx_word' id='word_1_303' title='bbox 870 2341 883 2385; x_wconf 88' lang='grc' dir='ltr'><strong>ΙΙ</strong></span> <span class='ocrx_word' id='word_1_304' title='bbox 914 2344 960 2376; x_wconf 85' lang='grc'><strong>24</strong></span> <span class='ocrx_word' id='word_1_305' title='bbox 987 2342 1089 2386; x_wconf 89' lang='lat' dir='ltr'><strong>quod</strong></span> <span class='ocrx_word' id='word_1_306' title='bbox 1123 2345 1232 2386; x_wconf 81' lang='lat' dir='ltr'><strong>(corr.</strong></span> <span class='ocrx_word' id='word_1_307' title='bbox 1259 2342 1303 2378; x_wconf 74' lang='lat' dir='ltr'><strong>in</strong></span> <span class='ocrx_word' id='word_1_308' title='bbox 1327 2351 1402 2386; x_wconf 91' lang='lat' dir='ltr'><strong>quo</strong></span> <span class='ocrx_word' id='word_1_309' title='bbox 1429 2339 1509 2382; x_wconf 74' lang='lat' dir='ltr'><strong>M1)</strong></span> 
     </span>
     <span class='ocr_line' id='line_1_37' title="bbox 129 2385 1506 2481; baseline 0.002 -60"><span class='ocrx_word' id='word_1_310' title='bbox 129 2385 265 2481; x_wconf 38' lang='lat' dir='ltr'><strong>ffiKOhF</strong></span> <span class='ocrx_word' id='word_1_311' title='bbox 278 2388 290 2432; x_wconf 89' lang='grc' dir='ltr'><strong>ΙΙ</strong></span> <span class='ocrx_word' id='word_1_312' title='bbox 310 2391 355 2422; x_wconf 85' lang='grc'><strong>27</strong></span> <span class='ocrx_word' id='word_1_313' title='bbox 383 2385 563 2432; x_wconf 80' lang='lat' dir='ltr'><strong>operandi</strong></span> <span class='ocrx_word' id='word_1_314' title='bbox 586 2387 617 2423; x_wconf 81' lang='grc' dir='ltr'><em>Ο</em></span> <span class='ocrx_word' id='word_1_315' title='bbox 631 2388 643 2434; x_wconf 77' lang='grc' dir='ltr'><strong>ΙΙ</strong></span> <span class='ocrx_word' id='word_1_316' title='bbox 663 2390 708 2423; x_wconf 84' lang='grc'><strong>30</strong></span> <span class='ocrx_word' id='word_1_317' title='bbox 734 2386 838 2432; x_wconf 75' lang='lat' dir='ltr'><strong>passi</strong></span> <span class='ocrx_word' id='word_1_318' title='bbox 863 2389 902 2423; x_wconf 81' lang='lat' dir='ltr'><strong>et</strong></span> <span class='ocrx_word' id='word_1_319' title='bbox 920 2388 1100 2425; x_wconf 84' lang='lat' dir='ltr'><strong>iniuriam</strong></span> <span class='ocrx_word' id='word_1_320' title='bbox 1121 2390 1153 2427; x_wconf 82' lang='lat'><em>0</em></span> <span class='ocrx_word' id='word_1_321' title='bbox 1171 2393 1175 2436; x_wconf 84' lang='grc' dir='ltr'>Ι</span> <span class='ocrx_word' id='word_1_322' title='bbox 1197 2388 1301 2436; x_wconf 87' lang='lat' dir='ltr'><strong>passi</strong></span> <span class='ocrx_word' id='word_1_323' title='bbox 1326 2400 1354 2426; x_wconf 85' lang='lat' dir='ltr'><strong>s.</strong></span> <span class='ocrx_word' id='word_1_324' title='bbox 1375 2389 1398 2425; x_wconf 81' lang='lat' dir='ltr'><strong>l.</strong></span> <span class='ocrx_word' id='word_1_325' title='bbox 1419 2389 1506 2425; x_wconf 83' lang='lat' dir='ltr'><strong>add.</strong></span> 
     </span>
    </p>
   </div>
  </div>
 </body>
</html>
