1592 2612
155 123 245 166 264

183 353 252 386 235

184 654 252 686 240

182 1255 252 1288 250

184 1557 252 1589 255

184 1857 254 1890 260

185 2157 253 2190 265

703 118 910 156 CARMEN
935 118 981 156 V.

282 229 322 265 et
351 223 548 264 Venerem
579 221 826 273 Martemque
859 221 967 259 cient
999 232 1044 259 ac
1076 219 1207 272 prima
1240 222 1429 259 cruentos

281 287 522 325 consumunt
553 282 601 322 ad
633 281 737 321 bella
769 280 881 321 cibos
912 279 1148 332 Bacchoque
1181 282 1311 319 rotato

278 344 420 398 pocula
451 342 530 383 tela
561 346 715 396 putant,
747 353 839 381 cum
872 340 1136 381 crudescente
1169 338 1344 380 tumultu

277 404 419 458 polluit
450 403 679 443 Emathium
711 402 873 454 sanguis
907 400 1171 441 Centauricus
1204 398 1370 452 Othryn.

278 478 352 505 nec
383 463 473 517 plus
506 463 752 515 nubigenum
784 460 1040 502 celebrentur
1059 461 1201 513 ‘iurgia
1231 460 1420 500 fratrum:

278 525 343 565 hic
377 536 534 577 quoque
561 528 741 563 monstra
767 522 912 576 domat,
944 521 1057 562 rutili
1084 521 1232 574 quibus
1258 533 1350 561 arce
1377 519 1537 561 cerebri

279 585 327 625 ad
360 585 530 624 frontem
564 596 676 623 coma
707 587 834 623 tracta
867 584 970 622 iacet
1001 582 1228 634 nudataque
1262 582 1396 621 cervix

281 650 479 685 saetarum
510 656 583 697 per
615 643 758 683 damna
789 644 902 697 nitet,
934 647 1020 683 tum
1051 642 1203 683 lumine
1235 641 1375 695 glauco

279 705 384 745 albet
416 717 565 757 aquosa
597 705 703 744 acies
736 716 781 744 ac
813 703 990 744 vultibus
1021 703 1201 755 undique
1233 703 1336 742 rasis

278 778 350 819 pro
383 765 505 805 barba
538 769 680 804 tenues
712 769 951 817 perarantur
982 765 1142 816 pectine
1175 763 1333 803 cristae.

279 827 459 866 strictius
492 830 649 865 assutae
683 830 814 865 vestes
847 836 1015 878 procera
1049 824 1264 864 cohercent

277 886 456 926 membra
487 887 631 939 virum,
663 889 773 938 patet
805 885 868 925 his
900 885 1020 925 altato
1055 885 1229 938 tegmine
1261 883 1416 938 poples,

278 946 381 986 latus
415 950 454 986 et
486 951 694 998 angustam
728 946 939 998 suspendit
970 944 1126 985 balteus
1160 944 1302 985 alvum.

278 1008 504 1046 excussisse
538 1008 635 1046 citas
668 1010 824 1046 vastum
856 1018 930 1059 per
962 1007 1080 1046 inane
1113 1005 1311 1058 bipennes

279 1072 318 1106 et
349 1067 486 1119 plagae
519 1068 744 1119 praescisse
778 1066 910 1106 locum
944 1066 1176 1119 clipeosque
1209 1070 1342 1106 rotare

277 1127 396 1167 ludus
429 1132 468 1166 et
500 1129 669 1166 intortas
701 1127 945 1179 praecedere
978 1126 1146 1167 saltibus
1178 1126 1313 1166 hastas

278 1189 399 1240 inque
431 1187 588 1227 hostem
621 1189 779 1227 venisse
811 1189 943 1242 prius3
975 1186 1200 1240 puerilibus
1234 1188 1349 1226 annis

280 1252 341 1287 est
371 1246 467 1287 belli
499 1252 678 1287 maturus
712 1260 835 1288 amor.
899 1249 934 1287 si
966 1247 1068 1287 forte
1100 1253 1337 1300 premantur

279 1320 352 1348 seu
383 1320 550 1348 numero
584 1321 656 1348 seu
689 1313 797 1348 sorte
830 1308 920 1362 loci,
952 1320 1062 1348 mors
1096 1307 1231 1347 obruit
1262 1306 1365 1362 illos,

278 1380 359 1407 non
391 1369 530 1422 timor3
564 1369 703 1408 invicti
735 1373 917 1421 perstant
949 1370 1163 1421 animoque
1197 1371 1418 1421 supersunt

280 1429 359 1467 iam
390 1441 515 1480 prope
546 1433 638 1481 post
670 1430 854 1469 animam.
918 1428 1018 1469 tales
1051 1433 1090 1469 te
1124 1433 1227 1469 teste
1261 1428 1412 1481 fugavit

281 1494 320 1528 et
351 1488 534 1528 laudante
567 1490 686 1529 viros.
751 1491 937 1542 quisnam
970 1487 1101 1530 ferat?
1146 1490 1279 1529 omnia
1311 1493 1459 1543 tecum,

280 1553 318 1588 te
352 1550 438 1588 sine
471 1548 594 1589 multa
627 1550 731 1589 facit.
794 1555 975 1602 pugnant
1006 1562 1079 1603 pro
1112 1550 1296 1602 principe
1329 1550 1482 1590 cuncti:

281 1621 399 1660 quam
430 1610 565 1663 timeo,
598 1622 648 1649 ne
681 1611 760 1649 iam
793 1612 868 1650 iste
903 1609 998 1650 sibi!
1033 1612 1068 1650 si
1100 1622 1223 1662 regna
1254 1609 1421 1663 tenebit,

280 1668 373 1708 huic
405 1670 547 1722 vincis,
580 1670 860 1723 quodcumque
894 1671 1043 1711 domas.
1107 1670 1164 1710 nil
1191 1670 1270 1710 fata
1302 1669 1544 1723 relinquunt

279 1729 344 1768 hic
376 1729 570 1769 medium:
602 1743 819 1782 percussor
852 1733 959 1771 enim
992 1732 1027 1771 si
1060 1732 1220 1784 respuis
1253 1742 1356 1784 esse,

281 1801 420 1828 servus
455 1791 544 1829 eris
610 1795 718 1830 certe
751 1796 861 1831 recto
896 1793 931 1831 si
961 1793 1123 1831 tramite
1157 1795 1290 1831 servat

282 1849 412 1888 sidera
445 1849 677 1905 Chaldaeus,
709 1853 820 1890 novit
854 1853 889 1891 si
922 1853 1102 1904 gramina
1134 1850 1319 1904 Colchus,

280 1908 436 1961 fulgura
470 1911 504 1949 si
535 1910 704 1964 Tuscus,
738 1913 773 1951 si
805 1911 1023 1952 Thessalus
1056 1911 1166 1952 elicit
1200 1910 1375 1965 umbras,

281 1970 315 2008 si
346 1968 487 2022 Lyciae
523 1975 650 2010 sortes
684 1973 855 2026 sapiunt,
889 1974 924 2012 si
955 1977 1094 2012 nostra
1125 1971 1259 2012 volatu

280 2029 358 2068 fata
390 2029 609 2081 loquuntur
641 2044 746 2085 aves,
779 2032 906 2072 doctis
938 2032 1137 2073 balatibus
1169 2031 1367 2072 Hammon
1397 2079 1401 2083 ι

281 2090 315 2128 si
348 2094 527 2129 sanctum
562 2090 635 2130 sub
669 2091 784 2144 Syrte
818 2094 954 2147 gemit,
987 2094 1021 2133 si
1053 2093 1227 2145 denique
1259 2103 1411 2145 verum,

281 2149 452 2204 Phoebe,
484 2150 658 2205 Themis,
693 2152 874 2206 Dodona,
908 2154 1031 2207 canis,
1062 2159 1154 2206 post
1186 2158 1368 2205 tempora
1400 2155 1539 2191 nostra

258 2303 328 2336 255
356 2300 482 2336 cuncti
509 2302 575 2349 M]
607 2303 721 2338 multi
754 2304 931 2347 0PTF‚·
966 2306 1013 2350 cf.
1040 2305 1178 2341 Pacati
1204 2315 1339 2351 paney.
1361 2307 1409 2340 10
1443 2302 1540 2338 alios

158 2348 381 2395 imperatori
405 2360 588 2395 pugnare,
615 2352 653 2387 te
679 2351 752 2387 tibi
779 2354 790 2398 ΙΙ
816 2355 886 2388 257
914 2352 1044 2388 vincas
1072 2354 1148 2389 ΡΤ
1171 2355 1183 2400 ΙΙ
1216 2356 1284 2388 263
1311 2363 1379 2388 om.
1400 2351 1462 2398 ΡΙ
1484 2350 1539 2387 10-

161 2398 297 2433 cuntur
322 2397 424 2434 codd.
444 2399 457 2444 ΙΙ
