<?xml version="1.0" encoding="UTF-8"?>
<!DOCTYPE html PUBLIC "-//W3C//DTD XHTML 1.0 Transitional//EN"
    "http://www.w3.org/TR/xhtml1/DTD/xhtml1-transitional.dtd">
<html xmlns="http://www.w3.org/1999/xhtml" xml:lang="en" lang="en">
 <head>
  <title>
</title>
<meta http-equiv="Content-Type" content="text/html;charset=utf-8" />
  <meta name='ocr-system' content='tesseract 3.04.00' />
  <meta name='ocr-capabilities' content='ocr_page ocr_carea ocr_par ocr_line ocrx_word'/>
</head>
<body>
  <div class='ocr_page' id='page_1' title='image "./csolliusapollina00sidouoft_0174.png"; bbox 0 0 1592 2612; ppageno 0'>
   <div class='ocr_carea' id='block_1_1' title="bbox 150 141 1035 186">
    <p class='ocr_par' dir='ltr' id='par_1_1' title="bbox 150 141 1035 186">
     <span class='ocr_line' id='line_1_1' title="bbox 150 141 1035 186; baseline -0.007 0"><span class='ocrx_word' id='word_1_1' title='bbox 150 143 236 186; x_wconf 78' lang='grc'>122</span> <span class='ocrx_word' id='word_1_2' title='bbox 635 141 783 178; x_wconf 86' lang='lat' dir='ltr'>LIBER</span> <span class='ocrx_word' id='word_1_3' title='bbox 809 141 1035 186; x_wconf 83' lang='lat' dir='ltr'><strong>QUINTUS.</strong></span> 
     </span>
    </p>
   </div>
   <div class='ocr_carea' id='block_1_2' title="bbox 83 243 1531 1628">
    <p class='ocr_par' dir='ltr' id='par_1_2' title="bbox 83 243 1531 1628">
     <span class='ocr_line' id='line_1_2' title="bbox 146 243 1531 298; baseline 0.001 -13"><span class='ocrx_word' id='word_1_4' title='bbox 146 244 438 298; x_wconf 82' lang='lat' dir='ltr'>detepescebat.</span> <span class='ocrx_word' id='word_1_5' title='bbox 489 245 624 296; x_wconf 89' lang='lat' dir='ltr'>itaque</span> <span class='ocrx_word' id='word_1_6' title='bbox 663 255 757 284; x_wconf 88' lang='grc'><strong>611111</strong></span> <span class='ocrx_word' id='word_1_7' title='bbox 797 245 950 296; x_wconf 92' lang='lat' dir='ltr'>passim</span> <span class='ocrx_word' id='word_1_8' title='bbox 990 245 1100 284; x_wconf 89' lang='lat' dir='ltr'>varia</span> <span class='ocrx_word' id='word_1_9' title='bbox 1138 243 1327 285; x_wconf 86' lang='lat' dir='ltr'><strong>ordinum</strong></span> <span class='ocrx_word' id='word_1_10' title='bbox 1359 256 1531 298; x_wconf 88' lang='lat' dir='ltr'>corpora</span> 
     </span>
     <span class='ocr_line' id='line_1_3' title="bbox 147 303 1531 358; baseline 0.001 -14"><span class='ocrx_word' id='word_1_11' title='bbox 147 305 495 358; x_wconf 79' lang='lat' dir='ltr'>dispergerentur,</span> <span class='ocrx_word' id='word_1_12' title='bbox 545 304 696 356; x_wconf 82' lang='lat' dir='ltr'>placuit</span> <span class='ocrx_word' id='word_1_13' title='bbox 743 304 792 344; x_wconf 94' lang='lat' dir='ltr'>ad</span> <span class='ocrx_word' id='word_1_14' title='bbox 831 304 1102 344; x_wconf 89' lang='lat' dir='ltr'>conditorium</span> <span class='ocrx_word' id='word_1_15' title='bbox 1149 303 1307 358; x_wconf 79' lang='lat' dir='ltr'>Syagrii</span> <span class='ocrx_word' id='word_1_16' title='bbox 1351 305 1531 346; x_wconf 85' lang='lat' dir='ltr'>consulis</span> 
     </span>
     <span class='ocr_line' id='line_1_4' title="bbox 146 363 1530 419; baseline 0.001 -14"><span class='ocrx_word' id='word_1_17' title='bbox 146 366 292 405; x_wconf 87' lang='lat' dir='ltr'>civium</span> <span class='ocrx_word' id='word_1_18' title='bbox 323 367 466 417; x_wconf 90' lang='lat' dir='ltr'>primis</span> <span class='ocrx_word' id='word_1_19' title='bbox 497 377 576 404; x_wconf 89' lang='lat' dir='ltr'>una</span> <span class='ocrx_word' id='word_1_20' title='bbox 610 366 737 418; x_wconf 87' lang='lat' dir='ltr'>coire,</span> <span class='ocrx_word' id='word_1_21' title='bbox 776 364 881 417; x_wconf 89' lang='lat' dir='ltr'>quod</span> <span class='ocrx_word' id='word_1_22' title='bbox 914 377 989 404; x_wconf 87' lang='lat' dir='ltr'>nec</span> <span class='ocrx_word' id='word_1_23' title='bbox 1021 363 1188 417; x_wconf 84' lang='lat' dir='ltr'>impleto</span> <span class='ocrx_word' id='word_1_24' title='bbox 1220 366 1329 406; x_wconf 84' lang='lat' dir='ltr'>iactu</span> <span class='ocrx_word' id='word_1_25' title='bbox 1361 367 1530 419; x_wconf 81' lang='lat' dir='ltr'>sagittae</span> 
     </span>
     <span class='ocr_line' id='line_1_5' title="bbox 148 424 1531 481; baseline 0.001 -16"><span class='ocrx_word' id='word_1_26' title='bbox 148 425 417 478; x_wconf 80' lang='lat' dir='ltr'>separabatur.</span> <span class='ocrx_word' id='word_1_27' title='bbox 479 424 545 464; x_wconf 87' lang='lat' dir='ltr'>hic</span> <span class='ocrx_word' id='word_1_28' title='bbox 584 437 677 477; x_wconf 88' lang='lat' dir='ltr'>pars</span> <span class='ocrx_word' id='word_1_29' title='bbox 717 424 791 464; x_wconf 91' lang='lat' dir='ltr'>sub</span> <span class='ocrx_word' id='word_1_30' title='bbox 824 424 967 465; x_wconf 88' lang='lat' dir='ltr'>umbra</span> <span class='ocrx_word' id='word_1_31' title='bbox 1005 424 1183 477; x_wconf 87' lang='lat' dir='ltr'>palmitis</span> <span class='ocrx_word' id='word_1_32' title='bbox 1222 425 1367 481; x_wconf 86' lang='lat' dir='ltr'>adulti,</span> <span class='ocrx_word' id='word_1_33' title='bbox 1410 439 1531 480; x_wconf 89' lang='lat' dir='ltr'>quam</span> 
     </span>
     <span class='ocr_line' id='line_1_6' title="bbox 110 484 1531 540; baseline 0.002 -15"><span class='ocrx_word' id='word_1_34' title='bbox 110 498 126 525; x_wconf 87' lang='lat'><strong>5</strong></span> <span class='ocrx_word' id='word_1_35' title='bbox 147 485 351 538; x_wconf 87' lang='lat' dir='ltr'>stipitibus</span> <span class='ocrx_word' id='word_1_36' title='bbox 373 485 503 525; x_wconf 88' lang='lat' dir='ltr'>altatis</span> <span class='ocrx_word' id='word_1_37' title='bbox 525 484 853 538; x_wconf 73' lang='lat' dir='ltr'>cancellatimque</span> <span class='ocrx_word' id='word_1_38' title='bbox 874 484 1145 538; x_wconf 88' lang='lat' dir='ltr'>pendentibus</span> <span class='ocrx_word' id='word_1_39' title='bbox 1158 487 1374 540; x_wconf 86' lang='lat' dir='ltr'>pampinus</span> <span class='ocrx_word' id='word_1_40' title='bbox 1389 498 1531 540; x_wconf 87' lang='lat' dir='ltr'>super—</span> 
     </span>
     <span class='ocr_line' id='line_1_7' title="bbox 144 545 1530 599; baseline 0.002 -14"><span class='ocrx_word' id='word_1_41' title='bbox 144 545 262 585; x_wconf 88' lang='lat' dir='ltr'>ducta</span> <span class='ocrx_word' id='word_1_42' title='bbox 299 550 499 599; x_wconf 86' lang='lat' dir='ltr'>texuerat,</span> <span class='ocrx_word' id='word_1_43' title='bbox 536 557 630 598; x_wconf 87' lang='lat' dir='ltr'>pars</span> <span class='ocrx_word' id='word_1_44' title='bbox 663 547 840 599; x_wconf 86' lang='lat' dir='ltr'>caespite</span> <span class='ocrx_word' id='word_1_45' title='bbox 873 547 915 586; x_wconf 91' lang='lat' dir='ltr'>in</span> <span class='ocrx_word' id='word_1_46' title='bbox 947 546 1068 586; x_wconf 90' lang='lat' dir='ltr'>viridi</span> <span class='ocrx_word' id='word_1_47' title='bbox 1099 546 1171 586; x_wconf 92' lang='lat' dir='ltr'>sed</span> <span class='ocrx_word' id='word_1_48' title='bbox 1203 546 1372 588; x_wconf 85' lang='lat' dir='ltr'>floribus</span> <span class='ocrx_word' id='word_1_49' title='bbox 1405 547 1530 588; x_wconf 90' lang='lat' dir='ltr'>odoro</span> 
     </span>
     <span class='ocr_line' id='line_1_8' title="bbox 143 603 1529 663; baseline 0.003 -18"><span class='ocrx_word' id='word_1_50' title='bbox 143 606 465 646; x_wconf 86' lang='lat' dir='ltr'>consederamus.</span> <span class='ocrx_word' id='word_1_51' title='bbox 528 603 568 646; x_wconf 81' lang='lat'>5.</span> <span class='ocrx_word' id='word_1_52' title='bbox 606 605 727 646; x_wconf 87' lang='lat' dir='ltr'>verba</span> <span class='ocrx_word' id='word_1_53' title='bbox 769 611 884 646; x_wconf 89' lang='lat' dir='ltr'>erant</span> <span class='ocrx_word' id='word_1_54' title='bbox 928 606 1060 646; x_wconf 89' lang='lat' dir='ltr'>dulcia</span> <span class='ocrx_word' id='word_1_55' title='bbox 1104 608 1240 648; x_wconf 89' lang='lat' dir='ltr'>iocosa</span> <span class='ocrx_word' id='word_1_56' title='bbox 1284 608 1529 663; x_wconf 81' lang='lat' dir='ltr'>fatigatoria3</span> 
     </span>
     <span class='ocr_line' id='line_1_9' title="bbox 141 665 1527 722; baseline 0.003 -17"><span class='ocrx_word' id='word_1_57' title='bbox 141 671 360 720; x_wconf 87' lang='lat' dir='ltr'>praeterea,</span> <span class='ocrx_word' id='word_1_58' title='bbox 394 665 501 718; x_wconf 87' lang='lat' dir='ltr'>quod</span> <span class='ocrx_word' id='word_1_59' title='bbox 532 665 824 721; x_wconf 89' lang='lat' dir='ltr'>beatissimum,</span> <span class='ocrx_word' id='word_1_60' title='bbox 856 666 965 707; x_wconf 88' lang='lat' dir='ltr'>nulla</span> <span class='ocrx_word' id='word_1_61' title='bbox 996 669 1148 707; x_wconf 87' lang='lat' dir='ltr'>mentio</span> <span class='ocrx_word' id='word_1_62' title='bbox 1182 667 1232 708; x_wconf 89' lang='lat' dir='ltr'>de</span> <span class='ocrx_word' id='word_1_63' title='bbox 1258 668 1527 722; x_wconf 87' lang='lat' dir='ltr'>potestatibus</span> 
     </span>
     <span class='ocr_line' id='line_1_10' title="bbox 142 726 1530 783; baseline 0.004 -18"><span class='ocrx_word' id='word_1_64' title='bbox 142 730 209 766; x_wconf 91' lang='lat' dir='ltr'>aut</span> <span class='ocrx_word' id='word_1_65' title='bbox 247 726 294 766; x_wconf 90' lang='lat' dir='ltr'>de</span> <span class='ocrx_word' id='word_1_66' title='bbox 332 726 515 780; x_wconf 87' lang='lat' dir='ltr'>tributis,</span> <span class='ocrx_word' id='word_1_67' title='bbox 553 726 687 766; x_wconf 91' lang='lat' dir='ltr'>nullus</span> <span class='ocrx_word' id='word_1_68' title='bbox 727 739 860 767; x_wconf 91' lang='lat' dir='ltr'>sermo</span> <span class='ocrx_word' id='word_1_69' title='bbox 894 729 964 780; x_wconf 89' lang='lat' dir='ltr'>qui</span> <span class='ocrx_word' id='word_1_70' title='bbox 995 727 1257 783; x_wconf 83' lang='lat' dir='ltr'>proderetur,</span> <span class='ocrx_word' id='word_1_71' title='bbox 1295 728 1405 770; x_wconf 86' lang='lat' dir='ltr'>nulla</span> <span class='ocrx_word' id='word_1_72' title='bbox 1436 742 1530 783; x_wconf 90' lang='lat' dir='ltr'>per-</span> 
     </span>
     <span class='ocr_line' id='line_1_11' title="bbox 88 787 1529 842; baseline 0.004 -17"><span class='ocrx_word' id='word_1_73' title='bbox 88 801 122 826; x_wconf 91' lang='lat'>10</span> <span class='ocrx_word' id='word_1_74' title='bbox 143 798 239 826; x_wconf 90' lang='lat' dir='ltr'>sona</span> <span class='ocrx_word' id='word_1_75' title='bbox 272 799 372 839; x_wconf 89' lang='lat' dir='ltr'>quae</span> <span class='ocrx_word' id='word_1_76' title='bbox 404 787 606 839; x_wconf 87' lang='lat' dir='ltr'>proderet.</span> <span class='ocrx_word' id='word_1_77' title='bbox 663 787 838 827; x_wconf 87' lang='lat' dir='ltr'>fabulam</span> <span class='ocrx_word' id='word_1_78' title='bbox 871 793 981 828; x_wconf 88' lang='lat' dir='ltr'>certe</span> <span class='ocrx_word' id='word_1_79' title='bbox 1014 789 1169 829; x_wconf 87' lang='lat' dir='ltr'>referre</span> <span class='ocrx_word' id='word_1_80' title='bbox 1202 789 1366 842; x_wconf 86' lang='lat' dir='ltr'>dignam</span> <span class='ocrx_word' id='word_1_81' title='bbox 1397 789 1529 831; x_wconf 90' lang='lat' dir='ltr'>relatu</span> 
     </span>
     <span class='ocr_line' id='line_1_12' title="bbox 142 846 1528 902; baseline 0.004 -17"><span class='ocrx_word' id='word_1_82' title='bbox 142 846 353 899; x_wconf 84' lang='lat' dir='ltr'>dignisque</span> <span class='ocrx_word' id='word_1_83' title='bbox 387 849 598 887; x_wconf 87' lang='lat' dir='ltr'>sententiis</span> <span class='ocrx_word' id='word_1_84' title='bbox 626 849 798 901; x_wconf 90' lang='lat' dir='ltr'>quisque</span> <span class='ocrx_word' id='word_1_85' title='bbox 825 850 1043 902; x_wconf 87' lang='lat' dir='ltr'>potuisset:</span> <span class='ocrx_word' id='word_1_86' title='bbox 1076 849 1316 891; x_wconf 88' lang='lat' dir='ltr'>audiebatur</span> <span class='ocrx_word' id='word_1_87' title='bbox 1342 849 1528 891; x_wconf 88' lang='lat' dir='ltr'>ambitio-</span> 
     </span>
     <span class='ocr_line' id='line_1_13' title="bbox 142 908 1528 965; baseline 0.004 -19"><span class='ocrx_word' id='word_1_88' title='bbox 142 908 321 961; x_wconf 80' lang='lat' dir='ltr'>sissime3</span> <span class='ocrx_word' id='word_1_89' title='bbox 372 920 447 947; x_wconf 86' lang='lat' dir='ltr'>nec</span> <span class='ocrx_word' id='word_1_90' title='bbox 492 913 578 948; x_wconf 88' lang='lat' dir='ltr'>erat</span> <span class='ocrx_word' id='word_1_91' title='bbox 625 908 777 949; x_wconf 86' lang='lat' dir='ltr'>idcirco</span> <span class='ocrx_word' id='word_1_92' title='bbox 823 921 905 949; x_wconf 92' lang='lat' dir='ltr'>non</span> <span class='ocrx_word' id='word_1_93' title='bbox 950 909 1141 950; x_wconf 88' lang='lat' dir='ltr'>distincta</span> <span class='ocrx_word' id='word_1_94' title='bbox 1185 912 1381 965; x_wconf 86' lang='lat' dir='ltr'>narratio,</span> <span class='ocrx_word' id='word_1_95' title='bbox 1433 913 1528 964; x_wconf 85' lang='lat' dir='ltr'>quia</span> 
     </span>
     <span class='ocr_line' id='line_1_14' title="bbox 140 966 1527 1024; baseline 0.004 -18"><span class='ocrx_word' id='word_1_96' title='bbox 140 966 291 1007; x_wconf 87' lang='lat' dir='ltr'>laetitia</span> <span class='ocrx_word' id='word_1_97' title='bbox 334 969 544 1020; x_wconf 81' lang='lat' dir='ltr'>permixta.</span> <span class='ocrx_word' id='word_1_98' title='bbox 608 970 715 1009; x_wconf 90' lang='lat' dir='ltr'>inter</span> <span class='ocrx_word' id='word_1_99' title='bbox 759 969 859 1010; x_wconf 92' lang='lat' dir='ltr'>haec</span> <span class='ocrx_word' id='word_1_100' title='bbox 899 971 981 1010; x_wconf 90' lang='lat' dir='ltr'>otio</span> <span class='ocrx_word' id='word_1_101' title='bbox 1021 970 1091 1010; x_wconf 92' lang='lat' dir='ltr'>diu</span> <span class='ocrx_word' id='word_1_102' title='bbox 1135 971 1328 1012; x_wconf 88' lang='lat' dir='ltr'>marcidis</span> <span class='ocrx_word' id='word_1_103' title='bbox 1373 970 1527 1024; x_wconf 88' lang='lat' dir='ltr'>aliquid</span> 
     </span>
     <span class='ocr_line' id='line_1_15' title="bbox 140 1027 1527 1086; baseline 0.004 -19"><span class='ocrx_word' id='word_1_104' title='bbox 140 1040 258 1079; x_wconf 86' lang='lat' dir='ltr'>agere</span> <span class='ocrx_word' id='word_1_105' title='bbox 299 1029 440 1068; x_wconf 88' lang='lat' dir='ltr'>visum.</span> <span class='ocrx_word' id='word_1_106' title='bbox 505 1027 544 1070; x_wconf 84' lang='lat'>6.</span> <span class='ocrx_word' id='word_1_107' title='bbox 576 1042 670 1069; x_wconf 84' lang='lat' dir='ltr'>mox</span> <span class='ocrx_word' id='word_1_108' title='bbox 707 1029 930 1085; x_wconf 88' lang='lat' dir='ltr'>bipertitis,</span> <span class='ocrx_word' id='word_1_109' title='bbox 972 1036 1060 1071; x_wconf 89' lang='lat' dir='ltr'>erat</span> <span class='ocrx_word' id='word_1_110' title='bbox 1090 1036 1136 1071; x_wconf 91' lang='lat' dir='ltr'>ut</span> <span class='ocrx_word' id='word_1_111' title='bbox 1168 1036 1295 1086; x_wconf 88' lang='lat' dir='ltr'>aetas,</span> <span class='ocrx_word' id='word_1_112' title='bbox 1333 1031 1527 1073; x_wconf 86' lang='lat' dir='ltr'>acclama-</span> 
     </span>
     <span class='ocr_line' id='line_1_16' title="bbox 85 1087 1526 1146; baseline 0.003 -18"><span class='ocrx_word' id='word_1_113' title='bbox 85 1103 119 1129; x_wconf 82' lang='lat'>15</span> <span class='ocrx_word' id='word_1_114' title='bbox 138 1087 316 1128; x_wconf 87' lang='lat' dir='ltr'>tionibus</span> <span class='ocrx_word' id='word_1_115' title='bbox 349 1089 563 1141; x_wconf 81' lang='lat' dir='ltr'>efflagitata</span> <span class='ocrx_word' id='word_1_116' title='bbox 593 1090 799 1142; x_wconf 86' lang='lat' dir='ltr'>profertur</span> <span class='ocrx_word' id='word_1_117' title='bbox 831 1091 895 1131; x_wconf 89' lang='lat' dir='ltr'>his</span> <span class='ocrx_word' id='word_1_118' title='bbox 922 1090 1014 1146; x_wconf 90' lang='lat' dir='ltr'>pila,</span> <span class='ocrx_word' id='word_1_119' title='bbox 1046 1091 1111 1132; x_wconf 89' lang='lat' dir='ltr'>his</span> <span class='ocrx_word' id='word_1_120' title='bbox 1136 1091 1283 1133; x_wconf 89' lang='lat' dir='ltr'>tabula.</span> <span class='ocrx_word' id='word_1_121' title='bbox 1329 1092 1526 1146; x_wconf 87' lang='lat' dir='ltr'>sphaerae</span> 
     </span>
     <span class='ocr_line' id='line_1_17' title="bbox 137 1149 1524 1207; baseline 0.005 -20"><span class='ocrx_word' id='word_1_122' title='bbox 137 1149 294 1200; x_wconf 88' lang='lat' dir='ltr'>primus</span> <span class='ocrx_word' id='word_1_123' title='bbox 327 1161 399 1200; x_wconf 88' lang='lat' dir='ltr'>ego</span> <span class='ocrx_word' id='word_1_124' title='bbox 433 1150 601 1202; x_wconf 87' lang='lat' dir='ltr'>signifer</span> <span class='ocrx_word' id='word_1_125' title='bbox 632 1151 708 1204; x_wconf 81' lang='lat' dir='ltr'>fui,</span> <span class='ocrx_word' id='word_1_126' title='bbox 748 1163 848 1204; x_wconf 88' lang='lat' dir='ltr'>quae</span> <span class='ocrx_word' id='word_1_127' title='bbox 881 1151 1001 1206; x_wconf 91' lang='lat' dir='ltr'>mihi,</span> <span class='ocrx_word' id='word_1_128' title='bbox 1039 1157 1084 1192; x_wconf 89' lang='lat' dir='ltr'>ut</span> <span class='ocrx_word' id='word_1_129' title='bbox 1116 1154 1242 1207; x_wconf 89' lang='lat' dir='ltr'>nosti,</span> <span class='ocrx_word' id='word_1_130' title='bbox 1274 1165 1355 1193; x_wconf 91' lang='lat' dir='ltr'>non</span> <span class='ocrx_word' id='word_1_131' title='bbox 1387 1155 1524 1194; x_wconf 89' lang='lat' dir='ltr'>minus</span> 
     </span>
     <span class='ocr_line' id='line_1_18' title="bbox 138 1207 1526 1265; baseline 0.005 -18"><span class='ocrx_word' id='word_1_132' title='bbox 138 1207 241 1247; x_wconf 91' lang='lat' dir='ltr'>libro</span> <span class='ocrx_word' id='word_1_133' title='bbox 275 1221 409 1249; x_wconf 87' lang='lat' dir='ltr'>comes</span> <span class='ocrx_word' id='word_1_134' title='bbox 440 1209 622 1250; x_wconf 88' lang='lat' dir='ltr'>habetur.</span> <span class='ocrx_word' id='word_1_135' title='bbox 674 1211 798 1251; x_wconf 90' lang='lat' dir='ltr'>altera</span> <span class='ocrx_word' id='word_1_136' title='bbox 831 1224 880 1252; x_wconf 87' lang='lat' dir='ltr'>ex</span> <span class='ocrx_word' id='word_1_137' title='bbox 913 1217 1028 1265; x_wconf 88' lang='lat' dir='ltr'>parte</span> <span class='ocrx_word' id='word_1_138' title='bbox 1060 1213 1186 1254; x_wconf 89' lang='lat' dir='ltr'>frater</span> <span class='ocrx_word' id='word_1_139' title='bbox 1217 1226 1333 1254; x_wconf 93' lang='lat' dir='ltr'>meus</span> <span class='ocrx_word' id='word_1_140' title='bbox 1359 1213 1526 1254; x_wconf 89' lang='lat' dir='ltr'>Domni·</span> 
     </span>
     <span class='ocr_line' id='line_1_19' title="bbox 139 1269 1525 1329; baseline 0.006 -22"><span class='ocrx_word' id='word_1_141' title='bbox 139 1269 244 1322; x_wconf 90' lang='lat' dir='ltr'>cius,</span> <span class='ocrx_word' id='word_1_142' title='bbox 284 1269 402 1308; x_wconf 89' lang='lat' dir='ltr'>homo</span> <span class='ocrx_word' id='word_1_143' title='bbox 442 1272 590 1322; x_wconf 88' lang='lat' dir='ltr'>gratiae</span> <span class='ocrx_word' id='word_1_144' title='bbox 624 1284 822 1326; x_wconf 89' lang='lat' dir='ltr'>summae,</span> <span class='ocrx_word' id='word_1_145' title='bbox 862 1274 1011 1312; x_wconf 88' lang='lat' dir='ltr'>summi</span> <span class='ocrx_word' id='word_1_146' title='bbox 1041 1273 1210 1329; x_wconf 88' lang='lat' dir='ltr'>leporis,</span> <span class='ocrx_word' id='word_1_147' title='bbox 1248 1278 1426 1315; x_wconf 88' lang='lat' dir='ltr'>tesseras</span> <span class='ocrx_word' id='word_1_148' title='bbox 1459 1287 1525 1315; x_wconf 84' lang='lat' dir='ltr'>ce·</span> 
     </span>
     <span class='ocr_line' id='line_1_20' title="bbox 137 1329 1526 1388; baseline 0.006 -20"><span class='ocrx_word' id='word_1_149' title='bbox 137 1334 252 1381; x_wconf 88' lang='lat' dir='ltr'>perat</span> <span class='ocrx_word' id='word_1_150' title='bbox 285 1329 586 1385; x_wconf 85' lang='lat' dir='ltr'>quatiebatque,</span> <span class='ocrx_word' id='word_1_151' title='bbox 620 1344 698 1384; x_wconf 89' lang='lat' dir='ltr'>quo</span> <span class='ocrx_word' id='word_1_152' title='bbox 731 1333 840 1373; x_wconf 88' lang='lat' dir='ltr'>velut</span> <span class='ocrx_word' id='word_1_153' title='bbox 871 1333 1040 1374; x_wconf 86' lang='lat' dir='ltr'>classico</span> <span class='ocrx_word' id='word_1_154' title='bbox 1074 1334 1123 1374; x_wconf 91' lang='lat' dir='ltr'>ad</span> <span class='ocrx_word' id='word_1_155' title='bbox 1154 1347 1327 1388; x_wconf 83' lang='lat' dir='ltr'>pyrgum</span> <span class='ocrx_word' id='word_1_156' title='bbox 1357 1334 1526 1376; x_wconf 84' lang='lat' dir='ltr'>vocabat</span> 
     </span>
     <span class='ocr_line' id='line_1_21' title="bbox 83 1388 1523 1446; baseline 0.006 -17"><span class='ocrx_word' id='word_1_157' title='bbox 83 1404 118 1429; x_wconf 84' lang='lat'>20</span> <span class='ocrx_word' id='word_1_158' title='bbox 138 1388 345 1429; x_wconf 89' lang='lat' dir='ltr'>aleatores.</span> <span class='ocrx_word' id='word_1_159' title='bbox 396 1403 469 1430; x_wconf 92' lang='lat' dir='ltr'>nos</span> <span class='ocrx_word' id='word_1_160' title='bbox 497 1404 588 1431; x_wconf 88' lang='lat' dir='ltr'>cum</span> <span class='ocrx_word' id='word_1_161' title='bbox 614 1397 772 1433; x_wconf 88' lang='lat' dir='ltr'>caterva</span> <span class='ocrx_word' id='word_1_162' title='bbox 798 1393 1133 1434; x_wconf 81' lang='lat' dir='ltr'>scholasticorum</span> <span class='ocrx_word' id='word_1_163' title='bbox 1158 1394 1331 1436; x_wconf 89' lang='lat' dir='ltr'>lusimus</span> <span class='ocrx_word' id='word_1_164' title='bbox 1351 1395 1523 1446; x_wconf 88' lang='lat' dir='ltr'>abunde,</span> 
     </span>
     <span class='ocr_line' id='line_1_22' title="bbox 138 1450 1524 1506; baseline 0.006 -18"><span class='ocrx_word' id='word_1_165' title='bbox 138 1454 332 1501; x_wconf 85' lang='lat' dir='ltr'>quantum</span> <span class='ocrx_word' id='word_1_166' title='bbox 369 1450 549 1491; x_wconf 87' lang='lat' dir='ltr'>membra</span> <span class='ocrx_word' id='word_1_167' title='bbox 585 1457 747 1506; x_wconf 89' lang='lat' dir='ltr'>torpore</span> <span class='ocrx_word' id='word_1_168' title='bbox 791 1456 946 1494; x_wconf 88' lang='lat' dir='ltr'>statarii</span> <span class='ocrx_word' id='word_1_169' title='bbox 982 1454 1133 1496; x_wconf 87' lang='lat' dir='ltr'>laboris</span> <span class='ocrx_word' id='word_1_170' title='bbox 1174 1455 1361 1497; x_wconf 85' lang='lat' dir='ltr'>hebetata</span> <span class='ocrx_word' id='word_1_171' title='bbox 1399 1469 1524 1497; x_wconf 86' lang='lat' dir='ltr'>cursu</span> 
     </span>
     <span class='ocr_line' id='line_1_23' title="bbox 138 1509 1521 1572; baseline 0.007 -24"><span class='ocrx_word' id='word_1_172' title='bbox 138 1509 290 1549; x_wconf 90' lang='lat' dir='ltr'>salubri</span> <span class='ocrx_word' id='word_1_173' title='bbox 326 1516 619 1562; x_wconf 87' lang='lat' dir='ltr'>vegetarentur.</span> <span class='ocrx_word' id='word_1_174' title='bbox 685 1513 722 1554; x_wconf 86' lang='lat'>7.</span> <span class='ocrx_word' id='word_1_175' title='bbox 761 1514 827 1555; x_wconf 87' lang='lat' dir='ltr'>hic</span> <span class='ocrx_word' id='word_1_176' title='bbox 864 1516 926 1555; x_wconf 87' lang='lat' dir='ltr'>vir</span> <span class='ocrx_word' id='word_1_177' title='bbox 963 1515 1148 1556; x_wconf 89' lang='lat' dir='ltr'>inlustris</span> <span class='ocrx_word' id='word_1_178' title='bbox 1186 1515 1432 1572; x_wconf 88' lang='lat' dir='ltr'>Filimatius,</span> <span class='ocrx_word' id='word_1_179' title='bbox 1474 1521 1521 1558; x_wconf 88' lang='lat' dir='ltr'>ut</span> 
     </span>
     <span class='ocr_line' id='line_1_24' title="bbox 138 1569 749 1628; baseline 0.01 -20"><span class='ocrx_word' id='word_1_180' title='bbox 138 1574 200 1609; x_wconf 87' lang='lat' dir='ltr'>est</span> <span class='ocrx_word' id='word_1_181' title='bbox 230 1569 328 1610; x_wconf 89' lang='lat' dir='ltr'>illud</span> <span class='ocrx_word' id='word_1_182' title='bbox 360 1570 564 1612; x_wconf 88' lang='lat' dir='ltr'>Mantuani</span> <span class='ocrx_word' id='word_1_183' title='bbox 595 1579 749 1628; x_wconf 88' lang='lat' dir='ltr'>poetae,</span> 
     </span>
    </p>
   </div>
   <div class='ocr_carea' id='block_1_3' title="bbox 168 1657 1489 1717">
    <p class='ocr_par' dir='ltr' id='par_1_3' title="bbox 168 1657 1489 1717">
     <span class='ocr_line' id='line_1_25' title="bbox 168 1657 1489 1717; baseline 0.008 -24"><span class='ocrx_word' id='word_1_184' title='bbox 168 1666 316 1694; x_wconf 89' lang='lat' dir='ltr'>ausus</span> <span class='ocrx_word' id='word_1_185' title='bbox 344 1660 388 1695; x_wconf 92' lang='lat' dir='ltr'>et</span> <span class='ocrx_word' id='word_1_186' title='bbox 413 1657 520 1708; x_wconf 90' lang='lat' dir='ltr'>ipse</span> <span class='ocrx_word' id='word_1_187' title='bbox 548 1670 688 1698; x_wconf 88' lang='lat' dir='ltr'>manu</span> <span class='ocrx_word' id='word_1_188' title='bbox 714 1660 943 1700; x_wconf 89' lang='lat' dir='ltr'>iuvenum</span> <span class='ocrx_word' id='word_1_189' title='bbox 975 1665 1220 1714; x_wconf 90' lang='lat' dir='ltr'>temptare</span> <span class='ocrx_word' id='word_1_190' title='bbox 1253 1661 1489 1717; x_wconf 88' lang='lat' dir='ltr'>laborem,</span> 
     </span>
    </p>
   </div>
   <div class='ocr_carea' id='block_1_4' title="bbox 82 1737 1520 2040">
    <p class='ocr_par' dir='ltr' id='par_1_4' title="bbox 82 1737 1520 2040">
     <span class='ocr_line' id='line_1_26' title="bbox 82 1737 1519 1799; baseline 0.006 -20"><span class='ocrx_word' id='word_1_191' title='bbox 82 1752 117 1779; x_wconf 84' lang='lat'>25</span> <span class='ocrx_word' id='word_1_192' title='bbox 138 1737 453 1790; x_wconf 85' lang='lat' dir='ltr'>sphaeristarum</span> <span class='ocrx_word' id='word_1_193' title='bbox 480 1753 522 1780; x_wconf 89' lang='lat' dir='ltr'>se</span> <span class='ocrx_word' id='word_1_194' title='bbox 549 1742 788 1782; x_wconf 86' lang='lat' dir='ltr'>turmalibus</span> <span class='ocrx_word' id='word_1_195' title='bbox 815 1749 1046 1785; x_wconf 86' lang='lat' dir='ltr'>constanter</span> <span class='ocrx_word' id='word_1_196' title='bbox 1072 1747 1304 1786; x_wconf 88' lang='lat' dir='ltr'>immiscuit.</span> <span class='ocrx_word' id='word_1_197' title='bbox 1349 1746 1519 1799; x_wconf 87' lang='lat' dir='ltr'>pulchre</span> 
     </span>
     <span class='ocr_line' id='line_1_27' title="bbox 136 1799 1520 1854; baseline 0.008 -17"><span class='ocrx_word' id='word_1_198' title='bbox 136 1799 244 1837; x_wconf 89' lang='lat' dir='ltr'>enim</span> <span class='ocrx_word' id='word_1_199' title='bbox 281 1799 358 1839; x_wconf 93' lang='grc'><strong>1106</strong></span> <span class='ocrx_word' id='word_1_200' title='bbox 396 1800 562 1854; x_wconf 83' lang='lat' dir='ltr'>fecerat,</span> <span class='ocrx_word' id='word_1_201' title='bbox 608 1802 679 1842; x_wconf 92' lang='lat' dir='ltr'>sed</span> <span class='ocrx_word' id='word_1_202' title='bbox 718 1816 809 1843; x_wconf 92' lang='lat' dir='ltr'>cum</span> <span class='ocrx_word' id='word_1_203' title='bbox 849 1804 979 1845; x_wconf 87' lang='lat' dir='ltr'>adhuc</span> <span class='ocrx_word' id='word_1_204' title='bbox 1017 1811 1156 1846; x_wconf 91' lang='lat' dir='ltr'>essent</span> <span class='ocrx_word' id='word_1_205' title='bbox 1193 1808 1289 1846; x_wconf 89' lang='lat' dir='ltr'>anni</span> <span class='ocrx_word' id='word_1_206' title='bbox 1327 1809 1520 1848; x_wconf 90' lang='lat' dir='ltr'>minores.</span> 
     </span>
     <span class='ocr_line' id='line_1_28' title="bbox 136 1860 1519 1913; baseline 0.008 -16"><span class='ocrx_word' id='word_1_207' title='bbox 136 1860 206 1910; x_wconf 90' lang='lat' dir='ltr'>qui</span> <span class='ocrx_word' id='word_1_208' title='bbox 238 1871 330 1899; x_wconf 89' lang='grc'><strong>611111</strong></span> <span class='ocrx_word' id='word_1_209' title='bbox 362 1860 594 1913; x_wconf 86' lang='lat' dir='ltr'>frequenter</span> <span class='ocrx_word' id='word_1_210' title='bbox 626 1862 675 1902; x_wconf 90' lang='lat' dir='ltr'>de</span> <span class='ocrx_word' id='word_1_211' title='bbox 714 1862 801 1903; x_wconf 91' lang='lat' dir='ltr'>loco</span> <span class='ocrx_word' id='word_1_212' title='bbox 835 1869 1010 1905; x_wconf 87' lang='lat' dir='ltr'>stantum</span> <span class='ocrx_word' id='word_1_213' title='bbox 1049 1866 1174 1906; x_wconf 90' lang='lat' dir='ltr'>medii</span> <span class='ocrx_word' id='word_1_214' title='bbox 1206 1868 1410 1908; x_wconf 85' lang='lat' dir='ltr'>currentis</span> <span class='ocrx_word' id='word_1_215' title='bbox 1443 1869 1519 1908; x_wconf 91' lang='lat' dir='ltr'>im-</span> 
     </span>
     <span class='ocr_line' id='line_1_29' title="bbox 134 1918 1519 1980; baseline 0.009 -23"><span class='ocrx_word' id='word_1_216' title='bbox 134 1918 255 1971; x_wconf 89' lang='lat' dir='ltr'>pulsu</span> <span class='ocrx_word' id='word_1_217' title='bbox 288 1927 620 1976; x_wconf 82' lang='lat' dir='ltr'>summoveretur,</span> <span class='ocrx_word' id='word_1_218' title='bbox 652 1935 759 1963; x_wconf 89' lang='lat' dir='ltr'>nunc</span> <span class='ocrx_word' id='word_1_219' title='bbox 793 1937 951 1977; x_wconf 87' lang='lat' dir='ltr'>quoque</span> <span class='ocrx_word' id='word_1_220' title='bbox 979 1933 1167 1980; x_wconf 80' lang='lat' dir='ltr'>acceptus</span> <span class='ocrx_word' id='word_1_221' title='bbox 1200 1928 1243 1967; x_wconf 91' lang='lat' dir='ltr'>in</span> <span class='ocrx_word' id='word_1_222' title='bbox 1270 1940 1405 1968; x_wconf 88' lang='lat' dir='ltr'>aream</span> <span class='ocrx_word' id='word_1_223' title='bbox 1435 1933 1519 1969; x_wconf 90' lang='lat' dir='ltr'>tam</span> 
     </span>
     <span class='ocr_line' id='line_1_30' title="bbox 134 1978 1520 2040; baseline 0.009 -22"><span class='ocrx_word' id='word_1_224' title='bbox 134 1978 238 2031; x_wconf 88' lang='lat' dir='ltr'>pilae</span> <span class='ocrx_word' id='word_1_225' title='bbox 277 1992 412 2020; x_wconf 87' lang='lat' dir='ltr'>coram</span> <span class='ocrx_word' id='word_1_226' title='bbox 449 1982 780 2033; x_wconf 85' lang='lat' dir='ltr'>praetervolantis</span> <span class='ocrx_word' id='word_1_227' title='bbox 826 1998 945 2037; x_wconf 89' lang='lat' dir='ltr'>quam</span> <span class='ocrx_word' id='word_1_228' title='bbox 987 1989 1239 2040; x_wconf 81' lang='lat' dir='ltr'>superiectae</span> <span class='ocrx_word' id='word_1_229' title='bbox 1277 2001 1353 2029; x_wconf 87' lang='lat' dir='ltr'>neo</span> <span class='ocrx_word' id='word_1_230' title='bbox 1391 1989 1520 2030; x_wconf 89' lang='lat' dir='ltr'>inter-</span> 
     </span>
    </p>
   </div>
   <div class='ocr_carea' id='block_1_5' title="bbox 131 2132 1519 2480">
    <p class='ocr_par' dir='ltr' id='par_1_5' title="bbox 231 2132 699 2180">
     <span class='ocr_line' id='line_1_31' title="bbox 231 2132 699 2180; baseline 0.011 -14"><span class='ocrx_word' id='word_1_231' title='bbox 231 2135 277 2166; x_wconf 79' lang='lat'>24</span> <span class='ocrx_word' id='word_1_232' title='bbox 303 2132 416 2178; x_wconf 84' lang='lat' dir='ltr'>Verg.</span> <span class='ocrx_word' id='word_1_233' title='bbox 438 2133 530 2169; x_wconf 87' lang='lat' dir='ltr'>Aen.</span> <span class='ocrx_word' id='word_1_234' title='bbox 551 2134 596 2180; x_wconf 84' lang='lat' dir='ltr'>V,</span> <span class='ocrx_word' id='word_1_235' title='bbox 618 2138 699 2172; x_wconf 85' lang='lat'>499.</span> 
     </span>
    </p>

    <p class='ocr_par' dir='ltr' id='par_1_6' title="bbox 131 2181 1519 2480">
     <span class='ocr_line' id='line_1_32' title="bbox 232 2181 1519 2234; baseline 0.009 -19"><span class='ocrx_word' id='word_1_236' title='bbox 232 2185 252 2215; x_wconf 80' lang='lat'>2</span> <span class='ocrx_word' id='word_1_237' title='bbox 280 2181 571 2217; x_wconf 82' lang='lat' dir='ltr'>conductorium</span> <span class='ocrx_word' id='word_1_238' title='bbox 599 2182 656 2229; x_wconf 76' lang='lat'>011</span> <span class='ocrx_word' id='word_1_239' title='bbox 678 2187 696 2219; x_wconf 84' lang='lat'><strong>7</strong></span> <span class='ocrx_word' id='word_1_240' title='bbox 726 2184 853 2220; x_wconf 79' lang='lat' dir='ltr'>dulcia</span> <span class='ocrx_word' id='word_1_241' title='bbox 879 2188 989 2222; x_wconf 79' lang='lat' dir='ltr'>erant</span> <span class='ocrx_word' id='word_1_242' title='bbox 1014 2188 1066 2223; x_wconf 88' lang='lat' dir='ltr'><em>M</em></span> <span class='ocrx_word' id='word_1_243' title='bbox 1071 2188 1102 2225; x_wconf 80' lang='lat' dir='ltr'><strong><em>G</em></strong></span> <span class='ocrx_word' id='word_1_244' title='bbox 1116 2191 1128 2233; x_wconf 80' lang='lat' dir='ltr'>ss</span> <span class='ocrx_word' id='word_1_245' title='bbox 1148 2193 1169 2224; x_wconf 84' lang='lat'>9</span> <span class='ocrx_word' id='word_1_246' title='bbox 1196 2188 1264 2233; x_wconf 90' lang='lat' dir='ltr'>qui</span> <span class='ocrx_word' id='word_1_247' title='bbox 1290 2189 1519 2234; x_wconf 74' lang='lat' dir='ltr'>proderetur</span> 
     </span>
     <span class='ocr_line' id='line_1_33' title="bbox 133 2227 1519 2285; baseline 0.009 -22"><span class='ocrx_word' id='word_1_248' title='bbox 133 2227 170 2263; x_wconf 90' lang='lat' dir='ltr'><em>L</em></span> <span class='ocrx_word' id='word_1_249' title='bbox 194 2232 228 2264; x_wconf 82' lang='lat' dir='ltr'>et</span> <span class='ocrx_word' id='word_1_250' title='bbox 254 2231 363 2272; x_wconf 71' lang='lat' dir='ltr'>(corr.</span> <span class='ocrx_word' id='word_1_251' title='bbox 385 2230 427 2265; x_wconf 75' lang='lat' dir='ltr'>in</span> <span class='ocrx_word' id='word_1_252' title='bbox 452 2229 518 2275; x_wconf 83' lang='lat' dir='ltr'>qui</span> <span class='ocrx_word' id='word_1_253' title='bbox 544 2231 723 2275; x_wconf 81' lang='lat' dir='ltr'>proderet</span> <span class='ocrx_word' id='word_1_254' title='bbox 742 2233 787 2269; x_wconf 95' lang='lat' dir='ltr'>N</span> <span class='ocrx_word' id='word_1_255' title='bbox 788 2234 815 2278; x_wconf 78' lang='lat'>¹)</span> <span class='ocrx_word' id='word_1_256' title='bbox 825 2234 876 2280; x_wconf 93' lang='lat' dir='ltr'>N,</span> <span class='ocrx_word' id='word_1_257' title='bbox 903 2235 968 2280; x_wconf 84' lang='lat' dir='ltr'>qui</span> <span class='ocrx_word' id='word_1_258' title='bbox 988 2236 1170 2282; x_wconf 74' lang='lat' dir='ltr'>proderet</span> <span class='ocrx_word' id='word_1_259' title='bbox 1188 2237 1240 2273; x_wconf 86' lang='lat' dir='ltr'><em>M</em></span> <span class='ocrx_word' id='word_1_260' title='bbox 1244 2237 1317 2274; x_wconf 78' lang='lat' dir='ltr'>OT</span> <span class='ocrx_word' id='word_1_261' title='bbox 1330 2239 1343 2284; x_wconf 87' lang='grc' dir='ltr'>ΙΙ</span> <span class='ocrx_word' id='word_1_262' title='bbox 1365 2242 1409 2274; x_wconf 90' lang='grc'>10</span> <span class='ocrx_word' id='word_1_263' title='bbox 1429 2243 1519 2285; x_wconf 71' lang='lat' dir='ltr'>post</span> 
     </span>
     <span class='ocr_line' id='line_1_34' title="bbox 133 2278 1517 2332; baseline 0.008 -20"><span class='ocrx_word' id='word_1_264' title='bbox 133 2287 231 2320; x_wconf 80' lang='lat' dir='ltr'>quae</span> <span class='ocrx_word' id='word_1_265' title='bbox 257 2280 282 2312; x_wconf 89' lang='grc'><em>8</em></span> <span class='ocrx_word' id='word_1_266' title='bbox 308 2278 378 2314; x_wconf 77' lang='lat' dir='ltr'>litt.</span> <span class='ocrx_word' id='word_1_267' title='bbox 405 2289 497 2315; x_wconf 82' lang='lat' dir='ltr'>eras.</span> <span class='ocrx_word' id='word_1_268' title='bbox 524 2278 576 2314; x_wconf 70' lang='grc' dir='ltr'>Ρ2</span> <span class='ocrx_word' id='word_1_269' title='bbox 604 2282 609 2325; x_wconf 74' lang='grc' dir='ltr'>Ι</span> <span class='ocrx_word' id='word_1_270' title='bbox 639 2291 736 2324; x_wconf 84' lang='lat' dir='ltr'>quae</span> <span class='ocrx_word' id='word_1_271' title='bbox 761 2282 939 2326; x_wconf 83' lang='lat' dir='ltr'>proderet</span> <span class='ocrx_word' id='word_1_272' title='bbox 965 2284 1001 2319; x_wconf 89' lang='lat' dir='ltr'><em>L</em></span> <span class='ocrx_word' id='word_1_273' title='bbox 1025 2289 1060 2321; x_wconf 79' lang='lat' dir='ltr'>et</span> <span class='ocrx_word' id='word_1_274' title='bbox 1087 2288 1195 2330; x_wconf 80' lang='lat' dir='ltr'>(corr.</span> <span class='ocrx_word' id='word_1_275' title='bbox 1222 2286 1266 2322; x_wconf 70' lang='lat' dir='ltr'>in</span> <span class='ocrx_word' id='word_1_276' title='bbox 1290 2286 1517 2332; x_wconf 78' lang='lat' dir='ltr'>proderetur</span> 
     </span>
     <span class='ocr_line' id='line_1_35' title="bbox 132 2324 1519 2375; baseline 0.009 -16"><span class='ocrx_word' id='word_1_277' title='bbox 132 2324 267 2371; x_wconf 85' lang='lat' dir='ltr'>N1)N‚</span> <span class='ocrx_word' id='word_1_278' title='bbox 295 2336 393 2370; x_wconf 83' lang='lat' dir='ltr'>quae</span> <span class='ocrx_word' id='word_1_279' title='bbox 412 2327 639 2372; x_wconf 84' lang='lat' dir='ltr'>proderetur</span> <span class='ocrx_word' id='word_1_280' title='bbox 658 2329 709 2363; x_wconf 87' lang='lat' dir='ltr'><em>M</em></span> <span class='ocrx_word' id='word_1_281' title='bbox 713 2329 824 2365; x_wconf 81' lang='lat' dir='ltr'>OTP</span> <span class='ocrx_word' id='word_1_282' title='bbox 839 2332 851 2375; x_wconf 73' lang='lat' dir='ltr'>n</span> <span class='ocrx_word' id='word_1_283' title='bbox 874 2334 915 2365; x_wconf 87' lang='lat'>11</span> <span class='ocrx_word' id='word_1_284' title='bbox 945 2332 1261 2370; x_wconf 77' lang='lat' dir='ltr'>ambiciosissime</span> <span class='ocrx_word' id='word_1_285' title='bbox 1285 2334 1519 2371; x_wconf 82' lang='lat' dir='ltr'>audiebatur</span> 
     </span>
     <span class='ocr_line' id='line_1_36' title="bbox 134 2372 1516 2428; baseline 0.008 -19"><span class='ocrx_word' id='word_1_286' title='bbox 134 2372 192 2419; x_wconf 79' lang='grc'>011</span> <span class='ocrx_word' id='word_1_287' title='bbox 214 2376 258 2408; x_wconf 88' lang='grc'>13</span> <span class='ocrx_word' id='word_1_288' title='bbox 285 2386 337 2410; x_wconf 72' lang='lat' dir='ltr'>a‘n</span> <span class='ocrx_word' id='word_1_289' title='bbox 362 2374 534 2411; x_wconf 79' lang='lat' dir='ltr'>diutino?</span> <span class='ocrx_word' id='word_1_290' title='bbox 560 2376 801 2422; x_wconf 73' lang='lat' dir='ltr'>Luetjoha-‘nn</span> <span class='ocrx_word' id='word_1_291' title='bbox 819 2380 831 2424; x_wconf 81' lang='grc' dir='ltr'>ΙΙ</span> <span class='ocrx_word' id='word_1_292' title='bbox 852 2382 897 2414; x_wconf 80' lang='lat'>14</span> <span class='ocrx_word' id='word_1_293' title='bbox 923 2381 966 2415; x_wconf 88' lang='lat' dir='ltr'>ut</span> <span class='ocrx_word' id='word_1_294' title='bbox 992 2383 1075 2417; x_wconf 83' lang='lat' dir='ltr'>erat</span> <span class='ocrx_word' id='word_1_295' title='bbox 1103 2382 1135 2418; x_wconf 79' lang='grc' dir='ltr'><em>Ο</em></span> <span class='ocrx_word' id='word_1_296' title='bbox 1149 2384 1160 2428; x_wconf 90' lang='grc' dir='ltr'>ΙΙ</span> <span class='ocrx_word' id='word_1_297' title='bbox 1181 2386 1226 2418; x_wconf 80' lang='grc'>21</span> <span class='ocrx_word' id='word_1_298' title='bbox 1253 2394 1305 2419; x_wconf 76' lang='lat' dir='ltr'>an</span> <span class='ocrx_word' id='word_1_299' title='bbox 1329 2382 1371 2419; x_wconf 87' lang='lat' dir='ltr'>in</span> <span class='ocrx_word' id='word_1_300' title='bbox 1395 2395 1516 2428; x_wconf 85' lang='lat' dir='ltr'>quan·</span> 
     </span>
     <span class='ocr_line' id='line_1_37' title="bbox 131 2422 1516 2480; baseline 0.01 -24"><span class='ocrx_word' id='word_1_301' title='bbox 131 2422 238 2457; x_wconf 82' lang='lat' dir='ltr'>tum?</span> <span class='ocrx_word' id='word_1_302' title='bbox 276 2422 536 2469; x_wconf 72' lang='lat' dir='ltr'>Luetjohamz;</span> <span class='ocrx_word' id='word_1_303' title='bbox 568 2426 697 2462; x_wconf 71' lang='lat' dir='ltr'>‘malim</span> <span class='ocrx_word' id='word_1_304' title='bbox 728 2427 909 2471; x_wconf 80' lang='lat' dir='ltr'>quatinus</span> <span class='ocrx_word' id='word_1_305' title='bbox 948 2429 959 2474; x_wconf 80' lang='grc' dir='ltr'>ΙΙ</span> <span class='ocrx_word' id='word_1_306' title='bbox 998 2433 1042 2465; x_wconf 79' lang='grc'>27</span> <span class='ocrx_word' id='word_1_307' title='bbox 1069 2429 1361 2468; x_wconf 75' lang='lat' dir='ltr'>medieni-rentis</span> <span class='ocrx_word' id='word_1_308' title='bbox 1388 2431 1441 2468; x_wconf 86' lang='grc' dir='ltr'><strong>Μ</strong></span> <span class='ocrx_word' id='word_1_309' title='bbox 1446 2432 1478 2469; x_wconf 79' lang='lat' dir='ltr'><strong><em>G</em></strong></span> <span class='ocrx_word' id='word_1_310' title='bbox 1502 2431 1516 2480; x_wconf 76' lang='grc' dir='ltr'>Η</span> 
     </span>
    </p>
   </div>
  </div>
 </body>
</html>
