1592 2612
70 770 104 796 10

77 1373 112 1399 20

82 1672 116 1699 25

117 112 175 155 68
606 105 754 142 LIBER
778 87 1000 141 TERTiUS.

117 214 242 254 veluti
272 223 346 266 per
376 211 495 250 horas
527 207 684 248 umbris
717 206 977 247 maestificata
1009 203 1237 244 larvalibus.
1288 206 1403 242 taceo
1435 212 1500 241 re-

118 275 269 327 liquam
314 273 377 312 sui
421 269 567 311 molem
606 269 780 308 vinctam
818 266 993 320 podagra
1031 263 1276 318 pinguedine
1316 261 1500 302 solutam.

118 340 232 376 taceo
265 332 477 374 cerebrum
510 328 651 370 crebra
683 327 813 368 vibice
839 331 1082 380 peraratum,
1115 324 1222 378 quod
1247 334 1392 377 parum
1418 334 1500 363 am-

119 395 226 449 plius
263 395 346 446 tegi
385 394 540 432 constat
580 388 735 443 capillis
774 400 894 441 quam
935 386 1204 427 cicatricibus.
1273 389 1388 424 taceo
1426 395 1502 437 pro

119 456 314 496 brevitate
353 452 523 493 cervicis
563 451 727 503 occipiti
766 450 951 502 supinato
991 446 1246 501 scapularum
1282 444 1503 485 adhaerere

121 516 304 556 confinia.
361 511 399 554 8.
431 517 558 565 taceo,
592 512 685 563 quia
718 509 868 550 decidit
898 509 1028 549 honor
1059 508 1226 560 umeris,
1257 504 1382 545 decor
1413 504 1505 545 hra-

123 577 238 630 chiis,
270 574 394 615 robur
426 573 600 612 lacertis.
651 575 765 611 taceo
798 570 1042 622 chiragricas
1068 580 1213 608 manus
1237 567 1372 607 unctis
1400 570 1505 606 cata-

122 636 361 689 plasmatum
406 633 550 687 pannis
595 636 799 684 tamquam
845 629 1047 670 caestibus
1091 627 1303 669 involutas.
1379 631 1507 680 taceo,

124 696 229 749 quod
267 695 419 735 alarum
460 692 660 746 specubus
699 691 872 731 hircosis
912 695 1031 744 atque
1068 687 1349 730 acescentibus
1381 686 1508 727 latera

125 757 279 810 captiva
322 754 490 795 vallatus
535 765 654 793 nares
697 751 1066 792 circumsedentum
1103 748 1295 791 ventilata
1333 747 1507 802 duplicis

125 817 507 870 Ampsancti‚peste
546 814 733 854 funestat.
797 817 910 852 taceo
949 812 1095 852 fractas
1134 809 1313 864 pondere
1346 810 1508 849 arvinae

124 879 255 917 iacere
288 887 481 916 mammas
515 886 696 927 quasque
729 872 892 913 foedum
918 877 1028 913 esset
1053 874 1096 912 in
1120 875 1286 925 pectore
1312 869 1421 910 virili
1445 868 1510 909 vel

125 938 367 991 prominere,
399 936 471 975 has
503 940 549 975 ut
580 934 718 974 ubera'
738 938 917 974 materna
953 933 1161 973 cecidisse.
1214 935 1328 971 taceo
1355 931 1529 971 ventris·

126 997 265 1038 inflexi
301 995 499 1049 pendulos
539 1007 674 1035 casses
706 995 812 1047 parti
845 993 1100 1047 genitalium,
1139 993 1234 1045 quia
1267 991 1408 1046 debili,
1446 990 1510 1031 bis

92 1070 108 1097 5
128 1057 340 1111 pudendae
366 1055 553 1109 turpibus
581 1056 693 1107 rugis
719 1056 880 1106 turpius
906 1054 1102 1107 praebere
1129 1052 1321 1093 velamen.
1364 1050 1404 1092 9.
1431 1053 1512 1092 iam

129 1118 226 1171 quid
257 1118 324 1157 hic
356 1122 516 1169 tergum
543 1117 780 1168 spinamque
808 1111 1151 1154 commemorem?
1197 1112 1247 1152 de
1274 1114 1390 1153 cuius
1417 1112 1513 1153 licet

129 1177 452 1218 internodiorum
496 1175 705 1216 fomitibus
750 1188 968 1228 erumpens
1014 1186 1146 1214 arcam
1187 1174 1364 1226 pectoris
1403 1177 1514 1213 texat
1586 1216 1591 1220 ἢ

130 1243 343 1279 curvatura
375 1241 590 1290 costarum,
626 1241 710 1276 tota
741 1235 1005 1275 nihilominus
1037 1235 1136 1275 haec
1169 1235 1324 1274 ossium
1355 1245 1514 1274 ramosa

131 1310 322 1351 compago
356 1297 430 1338 sub
463 1309 543 1337 uno
575 1296 685 1337 velut
718 1296 958 1336 exundantis
985 1294 1379 1348 abdominispelago
1405 1294 1514 1334 latet.

131 1365 245 1399 taceo
278 1358 508 1398 lumborum
534 1357 827 1410 corpulentiam
854 1356 1127 1410 cluniumque,
1160 1356 1226 1395 cui
1252 1355 1516 1395 crassitudini

132 1424 360 1471 comparata
398 1422 586 1458 censetur
625 1417 736 1458 alvus
775 1417 903 1457 exilis.
953 1422 1066 1457 taceo
1106 1416 1238 1456 femur
1276 1415 1436 1456 aridum
1468 1428 1514 1456 ac

131 1479 320 1533 pandum,
346 1491 475 1531 genua
501 1483 610 1518 vasta
630 1478 803 1531 poplites
824 1477 1029 1531 delicatos,
1056 1489 1175 1517 crura
1196 1489 1342 1517 cornea
1362 1478 1514 1516 vitreos

132 1539 252 1593 talos,
295 1551 440 1592 parvos
485 1539 633 1591 digitos
678 1538 802 1591 pedes
849 1538 1034 1591 grandes.
1106 1549 1279 1590 cumque
1333 1537 1517 1578 distortis

134 1600 297 1640 horreat
321 1601 377 1639 ita
403 1599 649 1639 liniamentis
675 1611 827 1652 perque
855 1598 1121 1651 multiplicem
1146 1597 1422 1651 pestilentiam
1448 1610 1516 1638 ex-

137 1662 298 1713 sanguis
332 1661 628 1712 semivivusque
660 1672 737 1700 nec
768 1664 950 1712 portatus
985 1659 1234 1715 sedeatmec
1267 1662 1517 1699 sustentatus

136 1720 308 1774 incedat,
339 1720 473 1760 verbis
505 1725 641 1760 tamen
673 1725 735 1760 est
766 1719 832 1760 ille
868 1732 987 1772 quam
1018 1718 1213 1759 membris
1240 1718 1517 1759 execrabilior.

138 1778 205 1822 10.
247 1793 340 1821 nam
384 1793 624 1833 quamquam
669 1781 830 1833 pruritu
868 1780 1023 1820 laborat
1061 1781 1262 1820 sermonis
1301 1779 1520 1832 inhonesti,

136 1847 271 1881 tamen
296 1846 559 1894 patronorum
592 1845 653 1880 est
678 1842 894 1893 praecipue
921 1840 1121 1880 cavendus
1149 1841 1320 1895 arcanis,
1347 1851 1520 1893 quorum

138 1907 200 1942 est
231 1901 413 1941 laudator
445 1903 487 1940 in
519 1902 746 1954 prosperis,
779 1900 932 1940 delator
964 1902 1006 1941 in
1039 1901 1193 1955 dubiis3
1232 1905 1272 1940 at
1304 1902 1340 1940 si
1372 1901 1435 1941 ad·
1454 1913 1521 1940 oc-

85 1975 120 2001 30
139 1961 244 2002 culta
276 1961 534 2001 familiarium
567 1961 807 2014 publicanda
839 1962 1034 2014 temporis
1062 1963 1164 2001 ratio
1192 1960 1394 2015 sollicitet,
1425 1973 1520 2001 mox

238 2104 261 2135 4
285 2101 370 2148 pro]
396 2112 487 2147 prae
512 2101 558 2137 M
567 2101 602 2136 T
617 2103 629 2147 ΙΙ
651 2104 695 2136 10
723 2101 1068 2137 circumsedentum
1088 2102 1216 2149 LVT,
1242 2101 1524 2138 circumseden-
1552 2102 1558 2107 '

141 2149 239 2185 tium
268 2151 397 2195 (prior.
426 2160 446 2185 e
472 2161 564 2186 corr.
591 2151 634 2185 in
659 2149 674 2183 i
698 2150 776 2194 ΜΞ)
788 2151 846 2195 M,
871 2149 1210 2186 circumsidentum
1232 2150 1263 2187 O
1277 2153 1289 2198 ΙΙ
1311 2154 1356 2186 14
1380 2148 1524 2197 partim

142 2198 194 2234 M
199 2197 237 2243 Ο,
262 2196 367 2243 parti
390 2198 434 2234 in
457 2197 600 2243 partim
625 2209 717 2234 corr.
743 2198 792 2233 Τ2
828 2201 832 2244 1
868 2197 987 2233 debili
1013 2198 1073 2234 bis
1100 2199 1153 2242 L,
1181 2198 1374 2234 debilibus
1400 2199 1452 2234 Μ
1457 2197 1528 2235 GT

143 2246 155 2295 ΙΙ
181 2249 226 2281 17
255 2256 381 2282 arcam
410 2245 604 2289 (Laream
630 2245 810 2282 LMTV
836 2248 848 2290 ΙΙ
887 2249 931 2282 18
959 2258 1113 2283 ossuum
1146 2247 1272 2284 VMT
1297 2248 1359 2292 (cf.
1389 2245 1524 2284 Claud.

144 2294 261 2332 Mam.
283 2306 323 2340 p.
346 2295 461 2347 72‚·9.
487 2296 572 2339 174,
592 2297 644 2330 24
658 2294 723 2338 E.)
762 2295 775 2339 ΙΙ
812 2298 857 2330 21
886 2295 946 2342 ao]
981 2295 1019 2330 et
1045 2296 1095 2331 M
1126 2297 1139 2342 ΙΙ
1178 2299 1223 2331 25
1250 2295 1385 2331 sedeat
1410 2295 1526 2331 Luct-

137 2343 297 2389 johwm,
325 2343 466 2377 sentiat
491 2343 586 2378 LM
590 2343 632 2388 T,
667 2342 815 2378 senciat
841 2342 873 2379 Ο
905 2345 917 2389 ΙΙ
954 2347 1000 2379 28
1026 2344 1183 2381 dubium
1207 2346 1290 2379 tum
1314 2356 1367 2381 an
1392 2345 1524 2379 tamen

145 2390 196 2437 F,
223 2392 307 2427 tum
332 2390 593 2437 LMGT1129
621 2390 678 2438 at]
707 2392 747 2427 et
773 2391 1012 2438 Luetjohamz
1031 2393 1043 2437 ΙΙ
