1592 2612
145 134 234 179 202
654 128 801 166 Lissssa
825 126 1005 165 Nouus.

146 236 334 275 tetricum
366 245 490 286 genus
523 244 568 271 ac
599 226 913 284 perantiquum?
962 227 1068 268 unde
1101 226 1169 267 illa
1199 225 1322 267 verba
1359 224 1519 266 saliaria

146 295 209 334 vel
250 293 441 346 Sibyllina
484 291 546 332 vel
591 291 751 331 Sabinis
796 289 974 342 abusque
1020 287 1195 328 Curibus
1239 287 1385 340 accita,
1417 297 1519 338 quae

146 355 350 407 magistris
381 353 618 406 plerumque
651 349 913 391 reticentibus
938 348 1164 402 promptius
1195 345 1342 388 fetialis
1375 345 1520 399 aliquis

149 419 216 455 aut
247 414 392 454 flamen
424 417 491 452 aut
522 418 758 452 veternosus
791 409 978 462 legalium
1005 408 1289 461 quaestionum
1320 407 1520 459 aenigma-

112 491 130 519 5
149 476 243 515 tista
274 469 542 527 patefecerit?
584 484 659 511 nos
692 469 883 524 opuscula
916 480 1101 509 sermone
1128 466 1383 508 condidimus
1408 465 1522 507 arido

146 534 259 588 exili,
300 538 408 573 certe
452 533 625 573 maxima
663 544 710 571 ex
749 535 862 583 parte
899 528 1079 582 vulgato,
1120 529 1234 568 cuiu's
1266 527 1361 568 hinc
1391 525 1523 566 honor

146 607 280 648 rarus,
325 592 429 646 quod
475 593 667 645 frequens
710 603 827 645 usus,
867 590 962 630 hinc
1007 587 1184 629 difficilis
1229 589 1374 641 gratia,
1414 585 1522 640 quod

146 653 274 694 facilis
306 655 484 693 inventio
517 658 589 692 est.
640 649 679 693 5.
714 663 808 691 sane
834 651 1028 704 profiteor
1053 648 1260 703 audenter,
1292 649 1399 688 sicut
1429 647 1522 687 istic

145 714 203 754 nil
240 726 349 768 acre,
387 713 445 753 nil
486 712 699 766 eloquens,
737 714 793 751 ita
830 710 931 751 nihil
963 709 1136 750 inditum
1168 720 1250 749 non
1282 706 1524 761 absolutum,

93 793 127 818 10
146 786 227 814 non
258 774 306 814 ab
339 773 533 826 exemplo
597 772 667 813 sed
710 771 805 825 quid
843 771 942 811 haec
978 767 1194 824 pluribus?
1256 768 1379 809 dictio
1419 779 1522 821 mea,

147 834 253 887 quod
283 834 383 874 mihi
415 834 575 887 sufficit,
600 832 731 886 placet
762 833 912 872 amicis.
963 832 1006 871 in
1033 829 1179 883 quibus
1204 833 1342 870 tamen
1366 832 1523 869 utrum—

147 907 224 947 que
257 894 511 947 complector,
538 895 621 933 sive
653 905 734 933 non
766 892 908 932 fallunt
939 892 1122 932 examine
1155 902 1228 931 seu
1259 890 1425 930 caritate
1452 887 1522 928 fal-

146 955 294 1009 luntur,
321 955 533 1008 deumque,
560 953 665 1006 quod
693 958 828 1006 restat,
854 954 896 992 in
916 957 1124 1005 posterum
1151 962 1312 1005 quaeso,
1337 954 1383 990 ut
1408 959 1524 989 secu-

146 1016 228 1055 turi
259 1020 326 1055 aut
358 1014 544 1054 fallantur
577 1013 761 1054 similiter
793 1018 861 1053 aut
893 1016 1095 1052 censeant.
1146 1010 1244 1051 vale.

214 1386 335 1435 eAI
377 1386 613 1435 soLLH
651 1360 1146 1434 APOLLI'NARIS
1187 1381 1462 1432 SIDONII

578 1481 1103 1531 EPISTULARUM

655 1602 807 1643 LIBER
838 1601 1023 1643 NONUS.

824 1732 856 1775 I.

99 1834 134 1861 15
413 1813 641 1850 SIDONIUS
667 1814 877 1851 FlRMINO
905 1814 998 1851 SUO
1027 1812 1289 1861 SALUTEM.-

248 1891 284 1931 1.
328 1890 484 1944 Exigis,
516 1891 675 1930 domine
708 1891 783 1944 fili,
814 1896 859 1931 ut
891 1891 1154 1944 epistularum
1185 1891 1367 1943 priorum
1399 1887 1527 1928 limite

155 1953 311 2004 irrupto
344 1950 460 1990 stilus
493 1956 630 1990 noster
661 1953 702 1990 in
728 1951 920 1991 ulteriora
951 1955 1176 2005 procurrat,
1202 1950 1362 1990 numeri
1388 1961 1528 2002 supra-

155 2011 254 2051 dicti
289 2010 496 2063 privilegio
535 2023 615 2050 non
654 2016 865 2051 contentus
906 2011 1068 2052 includi.
1132 2010 1245 2051 addis
1290 2014 1330 2050 et
1373 2021 1529 2063 causas,
1585 2026 1588 2029 ·

156 2071 301 2123 quibus
351 2070 417 2110 hic
468 2070 569 2110 liber
618 2083 748 2111 nonus
806 2077 894 2111 octo
946 2073 1201 2125 superiorum
1256 2067 1529 2110 voluminibus

101 2146 136 2172 20
156 2135 375 2171 accrescat:
421 2142 467 2170 eo
514 2131 619 2185 quod
665 2130 786 2171 Gaius
831 2131 1059 2186 Secundus,
1104 2133 1219 2172 cuius
1263 2142 1338 2170 nos
1377 2128 1529 2170 orbitas

252 2262 273 2294 5
301 2257 539 2294 condidimus
573 2258 609 2293 L
646 2263 680 2295 et
718 2261 826 2302 (corr.
859 2259 901 2295 in
939 2259 1128 2294 edidimus
1161 2258 1300 2304 N1)N‚
1339 2256 1528 2293 edidimus

155 2306 207 2342 M
213 2307 281 2343 OT
297 2309 309 2353 ΙΙ
329 2311 349 2342 9
372 2306 607 2353 absolutum]
629 2308 674 2351 cf.
697 2306 832 2342 Fauet.
857 2318 893 2352 p.
915 2310 950 2352 4,
970 2310 1020 2343 24
1029 2308 1077 2344 Ε.
1097 2309 1151 2353 ut,
1179 2317 1276 2352 quae
1295 2306 1531 2352 putabantur

155 2354 328 2399 obscura,
350 2354 587 2397 absolutiora
601 2354 834 2389 tardioribus
848 2355 1096 2391 redderentur
1115 2357 1127 2402 ΙΙ
1148 2358 1193 2390 10
1211 2354 1284 2391 hoc
1300 2354 1332 2391 0
1345 2355 1357 2400 ss
1378 2357 1422 2389 12
1442 2363 1530 2389 con-

155 2402 318 2449 templor
347 2402 404 2449 011
425 2406 467 2438 15
495 2407 607 2440 totam
634 2414 687 2448 ep.
708 2403 736 2438 I
757 2414 823 2439 om.
847 2403 971 2438 LNT
988 2405 999 2450 Η
