1592 2612
151 137 239 181 206
534 152 539 157 ·
659 135 806 172 LIBER
831 134 1010 172 NONUS.

152 239 374 292 dispendiis
401 239 534 278 saucia
560 238 680 291 iacet3
711 249 805 276 nam
830 248 903 289 per
930 235 1053 276 officii
1079 235 1297 288 imaginem
1321 234 1397 289 vel,
1416 234 1524 289 quod

115 322 120 328 ·
151 304 213 340 est
243 294 389 352 verius,
421 298 702 338 necessitatem
735 296 818 337 solo
850 297 980 349 patrio
1013 300 1190 349 exactus,
1219 295 1296 336 hoc
1321 294 1525 348 relegatus

150 361 271 400 variis
316 370 634 412 quaquaversum
678 357 840 409 frangor
884 355 1119 409 angoribus,
1158 356 1252 408 quia
1287 356 1420 409 patior
1455 355 1523 396 hic

150 419 398 459 incommoda
430 419 647 471 peregrini,
673 416 756 457 illic
781 417 925 456 damna
949 417 1179 469 proscripti.
1230 417 1420 469 quocirca
1445 415 1524 457 sol-

114 494 130 520 5
150 492 241 520 vere
267 479 384 518 modo
411 478 565 519 litteras
597 477 715 530 paulo
747 476 956 530 politiores
995 482 1063 516 aut
1094 477 1375 529 intempestive
1406 481 1523 530 petor

150 544 217 580 aut
247 539 488 592 inpudenter
520 537 748 591 aggredior,
790 549 888 590 quas
926 536 986 577 vel
1029 538 1117 576 ioco
1150 535 1303 589 lepidas
1334 535 1397 576 vel
1429 535 1523 577 stilo

150 599 274 640 cultas
307 598 504 640 alternare
538 597 716 638 felicium
742 603 814 637 est.
864 609 986 650 porro
1019 601 1154 637 autem
1186 596 1348 649 quidam
1379 595 1522 637 barba-

148 661 294 699 rismus
339 663 400 699 est
444 670 601 698 morum
645 670 777 699 sermo
815 657 1015 697 iucundus
1060 661 1100 697 et
1137 658 1295 697 animus
1337 656 1520 697 afflictus.

147 718 186 760 4.
232 721 329 772 quin
367 720 501 771 potius
540 719 713 758 animam
743 717 846 758 male
879 716 957 758 sibi
990 718 1193 758 consciam
1225 722 1265 757 et
1295 729 1370 770 per
1399 716 1522 758 horas

94 795 128 820 10
148 780 195 819 ad
236 779 444 819 recordata
481 778 661 831 poenalis
698 779 803 818 vitae
842 777 977 819 debita
1021 778 1399 818 contremiscentem
1442 777 1521 817 fre-

147 841 422 892 quentissimis
454 840 534 879 tuis
567 838 646 878 illis
674 843 714 878 et
738 838 1023 878 valentissimis
1057 838 1282 878 orationum
1306 849 1523 878 munerare

148 900 359 953 suffragiis,
390 911 557 952 precum
588 900 742 952 peritus
774 897 1069 952 insulanarum,
1111 910 1209 951 quas
1241 897 1291 938 de
1322 897 1520 950 palaestra

147 961 467 1013 congregationis
499 959 750 1003 heremitidis
783 964 823 999 et
849 959 898 999 de
925 964 1067 999 senatu
1091 957 1366 999 Lirinensium
1397 956 1519 998 cellu-

146 1021 330 1061 lanorum
361 1021 403 1059 in
435 1019 577 1060 urbem
610 1031 781 1073 quoque,
814 1021 930 1060 cuius
962 1019 1158 1060 ecclesiae
1190 1029 1303 1058 sacra
1335 1018 1521 1071 superin-

93 1093 127 1120 15
149 1083 283 1135 spicis,
314 1080 575 1133 transtulisti,
601 1080 657 1119 nil
691 1079 738 1119 ah
772 1079 913 1120 abbate
945 1084 1122 1120 mutatus
1152 1091 1228 1131 per
1258 1078 1520 1132 sacerdotem,

147 1143 293 1194 quippe
320 1153 411 1180 cum
442 1153 565 1180 novae
597 1140 801 1192 dignitatis
829 1139 995 1180 obtentu
1022 1141 1197 1192 rigorem
1222 1140 1372 1180 veteris
1397 1138 1518 1179 disci-

146 1202 276 1255 plinae
309 1213 388 1240 non
420 1200 670 1240 relaxaveris.
696 1200 759 1239 his
780 1202 914 1254 igitur,
939 1204 984 1240 ut
1011 1211 1132 1252 supra
1158 1198 1254 1253 dixi,
1285 1197 1517 1252 precatibus

147 1262 435 1302 efficacissimis
478 1260 631 1314 obtine,
667 1265 713 1300 ut
749 1262 881 1313 portio
919 1264 1057 1300 nostra
1096 1260 1148 1300 sit
1180 1259 1367 1299 dominus
1399 1263 1519 1312 atque

145 1327 190 1362 ut
222 1322 385 1373 ascripti
416 1323 560 1360 turmis
586 1320 872 1361 contribulium
892 1320 1104 1361 levitarum
1130 1331 1211 1359 non
1236 1330 1517 1360 remaneamus

93 1395 126 1421 20
145 1383 314 1435 terreni,
360 1381 503 1433 quibus
546 1386 653 1420 terra
697 1393 778 1421 non
822 1386 1019 1434 remanet,
1064 1379 1380 1433 inchoemusque
1418 1383 1464 1420 ut
1495 1391 1518 1419 a

147 1441 295 1482 saeculi
327 1441 462 1494 lucris,
496 1443 553 1481 sic
586 1453 743 1494 quoque
777 1454 798 1481 a
831 1441 959 1494 culpis
991 1441 1253 1494 peregrinari.
1316 1437 1356 1481 5.
1397 1440 1518 1480 tertia

146 1506 208 1542 est
240 1514 357 1541 causa
389 1501 450 1540 vel
481 1513 682 1555 maxuma,
724 1502 868 1542 exinde
902 1501 1079 1542 scribere
1111 1499 1187 1542 tibi
1224 1512 1298 1540 cur
1329 1511 1516 1552 superse-

147 1562 286 1615 derim,
319 1561 424 1613 quod
456 1563 628 1601 immane
661 1563 836 1614 suspicio
869 1562 1046 1602 dictandi
1077 1560 1186 1602 istud
1217 1561 1261 1601 in
1291 1559 1405 1600 vobis
1435 1566 1518 1600 tro—

145 1621 371 1674 pologicum
397 1634 522 1673 genus
543 1635 587 1662 ac
614 1623 827 1674 figuratum
854 1622 1082 1675 limatisque
1108 1620 1358 1675 plurifariam
1382 1619 1518 1661 verbis

92 1695 126 1721 25
146 1683 527 1736 eminentissimum,
572 1683 675 1735 quod
719 1687 853 1722 vestra
891 1695 1009 1735 quam
1055 1682 1301 1735 sumpsimus
1345 1679 1518 1734 epistula

146 1742 339 1782 ostendit:
383 1741 477 1782 licet
509 1742 603 1782 olim
634 1742 952 1795 praedicationes
984 1748 1091 1797 tuas,
1132 1753 1239 1782 nunc
1270 1741 1525 1795 repentinas,

143 1798 269 1855 nunc,
301 1803 402 1841 ratio
435 1815 525 1842 cum
563 1803 829 1856 poposcisset,
880 1802 1152 1856 elucubrataS,
1193 1813 1340 1842 raucus
1377 1800 1515 1854 plosor

145 1861 359 1914 audierim,
402 1866 497 1902 tunc
536 1864 767 1916 praecipue,
812 1875 902 1903 cum
934 1864 977 1903 in
1008 1862 1294 1916 Lugdunensis,
1321 1860 1514 1902 ecclesiae

145 1922 348 1962 dedicatae
380 1922 493 1962 festis
518 1922 871 1963 hebdomadalibus
899 1923 1142 1975 collegarum
1168 1926 1516 1963 sacrosanctorum

240 2029 260 2060 2
287 2025 359 2060 hoc
385 2025 562 2070 LNC'T,
594 2025 656 2060 hic
690 2028 798 2070 (corr.
824 2038 869 2062 ex
894 2026 965 2062 hoc
993 2027 1132 2072 MDM
1160 2028 1164 2070 Ι
1200 2025 1394 2071 relegatus
1418 2025 1454 2060 L
1478 2027 1514 2061 'et

143 2075 200 2118 (us
221 2085 259 2109 ev
261 2085 312 2109 as
328 2073 373 2109 N
376 2073 459 2119 ¹)N
486 2074 677 2119 relegatur
695 2077 803 2117 (corr.
824 2075 866 2110 in
884 2075 1035 2120 relegor
1047 2075 1126 2121 M1)
1136 2074 1187 2111 M
1190 2073 1259 2111 OT
1276 2076 1289 2121 ΙΙ
1309 2077 1330 2110 3
1355 2072 1512 2126 frangor

141 2121 365 2214 {pgoribus
381 2121 851 2205 Woufzglegssngnfrgrgssrssps
877 2119 1513 2206 cgcgd.{hfragoribust(del.ac21uig.)

141 2181 415 2262 ἡιοῗιιῗειῃῖῗῖγῑιῌᾶᾳ
411 2181 461 2252 ΞῖΙ
466 2217 497 2253 Ο
503 2218 546 2262 Τ
582 2181 741 2263 Ραΐξοτὶε
778 2218 829 2262 L·
844 2171 919 2254 'gn
942 2182 1087 2265 11ῗὲὺίἐῖ
1112 2174 1225 2255 ξξὲἶογῗ
1249 2182 1276 2263 Ἥ
1311 2182 1349 2252 ἔ
1366 2180 1513 2253 seolvgre

141 2265 271 2312 modo]
299 2265 529 2301 solveremus
555 2267 654 2312 (mus
680 2277 770 2302 era-3.
795 2247 895 2312 O'2)0
916 2269 928 2312 ΙΙ
955 2270 999 2302 24
1025 2278 1144 2313 genus
1170 2278 1237 2303 om.
1261 2265 1294 2303 0
1313 2268 1325 2311 ΙΙ
1350 2269 1397 2302 26
1421 2264 1515 2300 licet

143 2313 234 2349 olim
259 2313 514 2367 Εἰιερᾆὴαηη,
552 2315 674 2349 leceto
705 2313 746 2348 in
771 2314 824 2359 L,
863 2314 964 2350 lecet
996 2315 1058 2351 eni
1093 2318 1201 2358 (corr.
1227 2316 1271 2351 in
1294 2313 1396 2368 licet·
1413 2312 1516 2349 enim
1575 2320 1587 2325 ·’

142 2362 275 2445 {OM
295 2360 400 2455 111ιῖ1615
434 2362 534 2397 enim
561 2360 819 2407 MGT‚1icet
851 2362 968 2398 etiam
994 2375 1057 2410 eqo
1088 2365 1100 2409 ΙΙ
1132 2367 1176 2400 27
1203 2374 1290 2398 cum
1319 2360 1423 2398 racio
1451 2360 1484 2398 0
1506 2360 1512 2408 Ι

140 2422 164 2456 p
182 2421 271 2446 usor
