1592 2612
89 142 320 182 SIDONIUS
344 141 542 181 DOMINO
567 142 729 180 PAPAE
755 141 1050 180 PRAGMATIO
1077 141 1322 181 SALUTEM.
1376 141 1464 185 129

736 289 793 334 Π.

153 373 384 412 SIDONIUS
409 373 608 412 DOMINO
634 373 796 411 PAPAE
822 373 1117 411 PRAGMATIO
1145 373 1386 412 SALUTEM.

167 449 205 493 1.
237 450 490 493 Venerabilis
520 451 716 506 Eutropia
747 457 945 507 matrona,
977 451 1086 505 quod
1118 451 1168 492 ad
1194 464 1270 492 nos
1297 457 1467 507 spectat,

71 512 292 566 singularis
324 511 512 567 exempli,
544 525 647 566 quae
678 514 927 566 parsimonia
953 518 994 553 et
1025 512 1275 553 humanitate
1308 518 1467 554 certan-

71 573 184 615 tibus
221 585 304 614 non
340 575 476 614 minus
515 585 559 614 se
598 574 764 614 ieiuniis
802 586 924 626 quam
962 573 1065 614 cibis
1103 585 1304 627 pauperes
1336 575 1468 627 pascit

72 639 116 675 et
152 635 196 675 in
228 633 382 675 Christi
419 633 531 675 cultu
568 634 741 687 pervigil
779 634 864 674 sola
901 636 945 674 in
983 646 1027 675 se
1066 634 1272 688 compellit
1302 639 1468 688 peccata
1505 649 1527 676 5

73 695 273 750 dormire,
309 694 564 735 maeroribus
603 694 788 736 orbitatis
825 696 1070 736 necessitate
1108 694 1192 735 litis
1231 695 1387 736 adiecta
1424 697 1468 736 in

73 755 302 797 remedium
333 755 429 796 mali
460 755 633 808 duplicis
666 756 960 808 perfectionem
991 760 1150 796 vestrae
1178 755 1469 797 consolationis

73 822 267 870 expetere
299 816 476 870 festinat,
507 821 715 869 gratanter
745 815 945 871 habitura,
985 818 1070 857 sive
1101 816 1212 857 istud
1242 816 1320 857 tibi
1350 829 1469 871 pere-

73 879 250 930 grinatio
281 876 418 917 brevis
451 889 526 917 seu
556 876 722 930 longum
754 882 1012 931 computetur
1038 877 1230 918 officium.
1277 876 1316 918 2.
1343 879 1469 931 igitur

73 938 254 991 praefata
278 937 524 978 venerahilis
550 938 688 978 fratris
714 939 796 978 mei
821 950 930 979 nunc
956 939 1037 979 iam
1062 937 1293 992 presbyteri
1323 938 1467 992 Agrip·
1488 954 1524 980 10

73 999 180 1053 pini,
216 1010 269 1039 ne
310 999 555 1039 iniuriosum
594 999 648 1038 sit
685 998 836 1039 dixisse
875 1000 1089 1053 nequitiis,
1128 1004 1239 1040 certe
1277 999 1469 1052 fatigatur

73 1060 264 1114 argutiis;
308 1060 379 1112 qui
416 1058 588 1100 abutens
625 1058 888 1100 inbecillitate
927 1064 1136 1100 matronae
1180 1072 1263 1100 non
1308 1060 1471 1101 desistit

74 1119 270 1173 spiritalis
307 1121 464 1160 animae
497 1121 759 1160 serenitatem
791 1120 1061 1161 saecularium
1092 1122 1367 1161 versutiarum
1398 1121 1469 1161 ssa-

73 1180 185 1221 tibus
229 1179 458 1235 turbidare3
503 1182 570 1221 cui
610 1179 686 1220 filii
722 1193 798 1221 nec
835 1186 929 1234 post
965 1181 1093 1222 multo
1130 1183 1291 1234 nepotis
1329 1183 1471 1222 amissi

74 1240 178 1282 duae
216 1242 370 1295 pariter
409 1241 549 1294 plagae
591 1246 779 1282 recentes
817 1241 867 1282 ad
906 1241 1090 1283 diuturni
1129 1242 1284 1283 viduvii
1320 1242 1467 1284 vulnus
1490 1258 1524 1285 15

75 1301 291 1342 adduntur.
348 1300 388 1343 3.
413 1303 699 1355 temptavimus
725 1303 835 1342 inter
859 1307 1079 1356 utrumque
1106 1315 1364 1357 componere,
1393 1316 1468 1344 nos

76 1374 276 1416 maxume,
315 1361 463 1415 quibus
500 1364 543 1403 in
576 1375 646 1403 eos
671 1375 821 1403 novum
852 1364 917 1403 ius
948 1364 1149 1417 professio
1182 1368 1468 1418 vetustumque

78 1422 281 1463 faciebant
312 1424 532 1477 amicitiae,
564 1423 698 1476 aliqua
730 1429 962 1478 censentes,
995 1424 1211 1465 suadentes
1244 1427 1470 1479 quaepiam,

75 1482 251 1536 plurima
282 1482 578 1537 supplicantes3
617 1483 806 1536 quodque
838 1485 1064 1539 miremini,
1102 1486 1146 1525 in
1177 1497 1340 1525 omnem
1373 1498 1468 1526 con-

75 1543 238 1584 cordiae
271 1548 421 1584 statum
451 1545 680 1596 promptius
713 1556 735 1584 a
767 1544 943 1585 feminea
973 1550 1088 1597 parte
1121 1545 1366 1586 descensum
1393 1551 1466 1587 est.
1488 1562 1524 1588 20

76 1609 119 1645 et
157 1616 401 1658 quamquam
441 1616 483 1644 se
523 1603 643 1644 altius
670 1604 927 1657 profuturum
964 1605 1069 1646 filiae
1101 1611 1270 1658 paterna
1301 1608 1470 1647 iactaret

75 1666 373 1719 praerogativa,
405 1666 529 1705 nurui
559 1670 695 1705 tamen
727 1667 856 1717 magis
887 1665 1041 1718 placuit
1071 1666 1371 1707 munificentiae
1405 1680 1469 1708 so-

76 1725 227 1766 crualis
269 1725 429 1765 oblatio.
496 1723 537 1766 4.
577 1727 755 1778 iurgium
792 1727 957 1766 interim
1002 1727 1284 1779 semisopitum
1321 1729 1468 1768 vestris

76 1785 197 1826 modo
231 1785 388 1826 sinibus
422 1786 606 1826 infertur.
670 1786 878 1839 pacificate
918 1791 1121 1827 certantes
1155 1792 1194 1826 et
1225 1787 1468 1840 pontificalis

77 1848 317 1887 auctoritate
344 1859 540 1887 censurae
562 1848 763 1900 suspectis
784 1846 864 1887 sibi
889 1846 1073 1900 partibus
1100 1847 1266 1887 indicite
1287 1850 1469 1903 gratiam,
1489 1865 1525 1890 25

78 1907 202 1948 dicite
234 1909 456 1948 veritatem.
509 1912 647 1948 sancta
679 1909 788 1947 enim
814 1907 1021 1961 Eutropia,
1054 1909 1090 1948 si
1117 1907 1212 1960 quid
1239 1908 1467 1949 vadimonio

78 1980 169 2008 meo
203 1968 388 2022 creditis,
420 1969 630 2008 victoriam
663 1974 885 2022 computat,
925 1970 960 2008 si
991 1967 1055 2008 vel
1085 1974 1179 2021 post
1210 1968 1355 2008 damna
1387 1981 1469 2009 non

79 2027 222 2081 litiget.
285 2029 392 2069 unde
426 2034 466 2069 et
505 2030 692 2082 suspicor
723 2029 837 2069 vobis
868 2041 991 2069 unam
1023 2029 1366 2082 pronuntiandam
1398 2029 1468 2069 do-

79 2101 190 2129 mum
229 2089 541 2143 discordiosam,
585 2089 681 2129 licet
719 2091 934 2130 inveniatis
972 2094 1186 2142 utramque
1226 2090 1467 2131 discordem.

79 2161 236 2190 memor
268 2151 397 2190 nostri
429 2162 518 2190 esse
553 2149 738 2204 dignare,
770 2150 932 2190 domine
965 2163 1078 2203 papa.
1488 2167 1525 2193 30

180 2293 201 2325 3
227 2290 449 2326 humilitate
467 2291 499 2327 0
514 2292 525 2336 ΙΙ
546 2294 567 2326 5
594 2290 701 2327 cultu
727 2291 862 2327 christi
880 2291 912 2327 C
925 2293 937 2337 Ι]
960 2295 1004 2326 14
1029 2291 1119 2336 post
1137 2290 1259 2326 multo
1273 2291 1468 2337 LNVM,

82 2338 204 2375 multo
229 2341 319 2385 post
346 2339 417 2376 GT
433 2341 445 2385 ss
467 2343 512 2374 15
538 2339 685 2384 pariter
708 2351 737 2376 s.
765 2340 788 2376 l.
815 2341 904 2376 add.
933 2339 994 2384 T²‚
1027 2340 1092 2386 leq.
1115 2343 1202 2385 post
1226 2341 1399 2376 recentes
1425 2342 1470 2377 in

2 2395 11 2402 ·
85 2386 207 2433 (11117
235 2399 279 2423 eo
309 2388 342 2424 0
361 2389 372 2433 ΙΙ
401 2391 448 2423 20
475 2387 700 2423 descensum
726 2388 980 2434 Imetjohann,
1007 2387 1226 2423 discensum
1252 2388 1301 2434 L,
1326 2388 1470 2426 disces-

81 2445 165 2470 sum
191 2436 410 2473 NVMGT
426 2439 438 2483 ΙΙ
458 2440 501 2471 21
531 2448 583 2472 an
607 2436 751 2473 latius?
771 2439 783 2483 ΙΙ
802 2441 848 2473 27
876 2436 1031 2472 creditis
1058 2447 1125 2473 om.
1156 2436 1187 2473 G
1201 2439 1214 2483 ΙΙ

153 2502 382 2531 Aponmums
404 2504 450 2531 ed.
472 2504 504 2530 M
513 2511 530 2530 o
538 2504 558 2529 h
567 2511 590 2531 r.
1227 2501 1247 2532 9
