1592 2612
618 125 827 164 CARMEN
849 125 898 164 Π.
1362 123 1451 167 253

184 235 254 273 aut
283 231 407 285 periit
437 231 497 270 sic
529 233 689 283 emptus
721 241 839 283 ager3
867 229 904 268 si
934 227 1048 281 fallo,
1078 226 1280 280 probasti,

186 291 373 332 Ventidio
403 294 575 331 mactate
608 289 748 343 Sapor.
810 301 887 329 nec
919 289 1071 329 sufficit
1102 286 1229 328 istud:

186 352 397 393 Armenias
427 350 682 403 Pontumque
714 349 827 404 dedi,
859 361 939 402 quo
970 348 1098 389 Marte
1130 349 1320 401 petitum,

187 413 295 454 dicat
326 411 433 466 Sylla
463 410 557 465 tibi3
589 411 727 451 forsan
758 422 840 450 non
873 409 1055 450 creditur
1085 410 1175 449 uni:

90 482 162 515 460
188 472 353 514 consule
384 471 609 512 Lucullum.
670 476 786 511 taceo
817 472 900 510 iam
930 469 1123 523 Cycladas
1155 480 1315 509 omnes:

187 533 387 587 adquisita
418 544 509 573 meo
542 533 668 572 servit
697 531 774 572 tibi
805 531 924 572 Creta
955 529 1127 571 Metello.

186 595 427 647 transcripsi
458 592 622 634 Cilicas:
652 593 728 632 hos
759 591 927 644 Magnus
958 591 1118 631 fuderat
1150 589 1257 630 olim.

189 655 319 695 adieci
350 654 508 707 Syriae,
540 666 642 706 quos
674 665 784 693 nunc
814 652 1062 705 moderaris,
1092 650 1275 691 Isauros:

188 715 264 756 hos
295 727 456 768 quoque
489 713 565 754 sub
596 715 749 754 nostris
781 713 937 753 domuit
969 711 1163 752 Servilius
1196 712 1331 751 armis.

92 785 164 818 465
191 777 378 816 concessi
407 774 569 815 Aetolos
600 779 760 814 veteres
790 772 1060 825 Acheloiaque
1092 784 1204 825 arva,

188 836 392 876 transfudi
422 834 638 876 Attalicum
668 833 772 874 male
804 833 968 874 credula
999 836 1305 886 testamentum,

189 896 359 950 Epirum
390 897 562 936 retines:
593 902 639 935 tu
671 896 771 948 scis,
803 895 870 935 cui
901 893 1046 934 debeat
1076 892 1186 933 illam

189 956 379 1010 Pyrrhus.
441 957 485 996 in
515 955 720 1009 Illyricum
752 959 890 1008 specto
922 958 962 995 te
994 955 1156 994 mittere
1188 954 1278 993 iura

191 1030 239 1058 ac
267 1016 469 1058 Macetum
500 1021 648 1057 terras:
681 1021 721 1056 et
752 1015 879 1056 habes
910 1020 973 1069 tu,
1003 1014 1144 1068 Paule,
1175 1018 1356 1066 nepotes.

94 1086 167 1120 470
190 1078 360 1131 Aegypti
390 1077 595 1118 frumenta
626 1076 738 1117 dedi:
769 1076 871 1116 mihi
901 1077 1054 1116 vicerat
1085 1074 1182 1114 olim

192 1137 406 1179 Leucadiis
438 1138 614 1191 Agrippa
646 1137 774 1177 fretis.
835 1136 983 1177 Iudaea
1013 1140 1176 1176 tenetur

195 1198 271 1239 sub
303 1198 462 1238 dicione
495 1202 584 1252 tua,
615 1203 821 1250 tamquam
852 1202 897 1238 tu
927 1197 1090 1236 miseris
1122 1195 1218 1236 illuc

194 1260 395 1312 insignem
428 1271 520 1299 cum
551 1263 666 1312 patre
698 1258 846 1298 Titum.
908 1256 985 1297 tibi
1016 1256 1163 1310 Cypria
1194 1267 1352 1296 merces

194 1319 343 1360 fertur:
375 1331 579 1372 pugnaces
612 1331 690 1371 ego·
718 1330 871 1372 pauper
901 1317 1020 1358 laudo
1053 1317 1237 1357 Catones.

98 1387 171 1421 475
197 1379 341 1420 Dorica
372 1384 413 1419 te
444 1379 565 1419 tellus
597 1384 638 1420 et
668 1379 839 1419 Achaica
871 1391 967 1419 rura
998 1379 1257 1430 tremiscunt,

196 1440 330 1480 tendis
363 1445 404 1480 et
434 1441 478 1479 in
508 1439 707 1480 bimarem
739 1438 871 1479 felicia
902 1451 1026 1491 regna
1058 1437 1299 1478 Corinthon:

197 1500 281 1554 dic,
312 1499 555 1553 Byzantinus
587 1501 679 1552 quis
711 1512 799 1540 rem
828 1499 905 1539 tibi
934 1498 1153 1539 Mummius
1186 1494 1297 1550 egit‘?

259 1560 338 1601 Sed
371 1561 407 1600 si
438 1560 541 1600 forte
572 1559 705 1613 placet
735 1564 894 1599 veteres
926 1560 1061 1612 sopire
1093 1557 1299 1611 querelas,

196 1621 452 1662 Anthemium
486 1620 662 1661 concede
694 1620 805 1660 mihi.
869 1621 922 1659 sit
952 1618 1136 1672 partibus
1168 1619 1258 1658 istis

101 1690 173 1724 480
198 1682 402 1734 Augustus
434 1680 678 1734 longumque
710 1680 810 1734 Le03
842 1692 931 1720 mea
962 1681 1051 1719 iura
1083 1678 1298 1732 gubernet,

201 1754 322 1795 quem
353 1743 474 1795 petii3
506 1743 637 1794 patrio
668 1742 810 1781 vestiri
840 1741 996 1780 murice
1027 1745 1163 1780 natam

199 1802 370 1855 gaudeat
400 1801 665 1854 Euphemiam
697 1801 810 1841 sidus
842 1800 970 1841 divale
1002 1801 1194 1853 parentis.

201 1863 315 1903 adice
346 1867 555 1916 praeterea
586 1864 787 1915 privatum
820 1861 868 1901 ad
901 1860 1062 1914 publica
1094 1859 1254 1900 foedus:

204 1925 258 1964 sit
289 1935 406 1963 socer
437 1924 641 1975 Augustus
673 1934 822 1975 genero
848 1921 1051 1962 Ricimere
1082 1920 1243 1974 beatus3

105 1991 176 2025 485
202 1983 412 2024 nobilitate
444 1985 612 2023 micant:
645 1988 708 2023 est
738 1982 852 2022 vobis
885 1983 995 2034 regia
1027 1983 1159 2035 virgo,

203 2045 342 2097 regius
374 2043 440 2083 ille
473 2043 584 2083 mihi.
647 2045 684 2083 si
716 2055 885 2083 concors
919 2043 1064 2082 annuis
1096 2042 1225 2094 istud,

202 2116 295 2144 mox
327 2103 493 2157 Libyam
526 2116 690 2156 sperare
723 2103 848 2144 dabis.
912 2104 1180 2156 circumspice
1211 2101 1351 2141 taedas

203 2166 406 2218 antiquas:
439 2177 512 2217 par
543 2163 651 2204 nulla
682 2163 759 2204 tibi
791 2165 850 2204 sic
882 2163 1026 2216 copula
1057 2168 1219 2216 praesto
1252 2166 1325 2202 cst.

204 2225 384 2278 proferat
414 2224 481 2264 hic
512 2230 695 2264 veterum
726 2224 922 2264 thalamos
956 2224 1191 2264 discrimine
1224 2227 1361 2275 partos

106 2292 177 2326 490
203 2284 389 2338 Graecia,
421 2286 462 2324 ni
495 2284 625 2337 pudor
657 2290 736 2325 est:
769 2285 967 2337 reparatis
998 2283 1090 2323 Pisa
1124 2283 1331 2336 quadrigis

179 2416 251 2449 475
276 2424 366 2449 rura
391 2424 468 2461 eqo,
492 2412 577 2449 iura
602 2414 707 2451 codd.
727 2415 740 2461 fl
759 2416 830 2449 480
856 2413 959 2461 iura]
986 2422 1103 2458 regna
1131 2412 1165 2448 T
1181 2413 1194 2457 ss
