1592 2612
372 140 601 179 SIDONIUS
627 139 820 178 ECDIGIO
848 140 941 178 SUO
969 139 1210 178 SALUTEM.
1428 139 1488 184 55

753 288 830 332 III.

371 372 599 409 SIDONIUS
625 371 822 408 ECDICIO
850 371 943 408 SUO
971 372 1215 408 SALUTEM.

192 448 229 492 1.
263 450 307 491 Si
333 450 505 504 quando,
531 462 639 491 nunc
665 462 851 490 maxume
878 450 1070 490 Arvernis
1098 451 1200 490 meis
1227 450 1485 506 desideraris,

97 511 246 566 quihus
279 511 442 552 dilectio
475 513 536 551 tui
574 512 748 551 immane
785 511 1034 563 dominatur,
1073 515 1113 551 et
1152 511 1316 563 quidem
1349 511 1485 552 multi-

94 572 269 626 plicibus
296 585 346 612 ex
372 573 524 612 causis:
556 573 746 626 primum,
773 571 879 625 quod
908 584 1085 611 summas
1107 573 1148 611 in
1175 572 1321 612 affectu
1347 577 1484 625 partes

95 635 185 674 iure
219 632 297 673 sibi
329 638 498 685 usurpat
535 637 644 672 terra
677 645 778 685 quae
812 634 972 686 genuit3
1019 632 1131 686 dein,
1177 632 1283 685 quod
1323 632 1483 674 saeculo
1522 647 1541 674 5

95 699 165 735 tuo
200 693 310 734 solus
342 693 468 733 ferme
501 692 733 733 mortalium
766 706 823 747 es,
857 694 927 746 qui
957 694 1111 746 patriae
1144 706 1226 733 non
1252 695 1387 734 minus
1415 694 1483 734 de-

97 755 242 795 siderii
278 755 510 794 nasciturus
543 766 663 807 quam
696 754 833 806 gaudii
864 758 982 795 natus
1016 754 1180 808 feceris,
1214 754 1484 807 astipulantur

95 817 263 856 assertis
302 816 477 855 materni
516 814 719 868 quondam
756 816 964 867 puerperii
1002 819 1204 869 tempora,
1250 828 1352 868 quae
1389 828 1483 869 pro-

94 877 255 916 ficiente
277 881 475 928 conceptu
495 875 835 916 concordantibus
860 877 1009 915 civium
1028 877 1132 915 votis
1153 875 1482 917 numerabantur.

95 935 134 977 2.
169 937 310 976 omitto
342 936 409 975 illa
443 938 670 976 communia
703 936 879 990 quidem,
913 936 983 976 sed
1017 948 1119 988 quae
1152 948 1234 976 non
1263 937 1484 977 mediocria
1504 949 1541 976 10

95 998 275 1038 caritatis
322 998 582 1037 incitamenta
628 1002 740 1050 sunt,
784 998 903 1037 istius
948 995 1024 1036 tibi
1069 1001 1246 1049 reptatas
1292 999 1483 1051 caespitis

95 1057 268 1111 glaebas.
330 1062 541 1111 praetereo
584 1057 690 1110 quod
731 1057 831 1098 haec
872 1059 1050 1110 primum
1089 1059 1268 1110 gramina
1307 1059 1482 1113 incessu,

94 1118 261 1159 flumina
293 1122 450 1172 natatu,
488 1124 634 1158 venatu
665 1131 831 1158 nemora
867 1118 1036 1170 fregisti.
1102 1120 1243 1158 omitto
1277 1118 1384 1172 quod
1416 1119 1482 1160 hic

93 1181 272 1233 primum
303 1178 380 1219 tibi
405 1178 485 1232 pila
510 1191 674 1233 pyrgus,
707 1180 901 1232 accipiter
928 1179 1051 1233 canis,
1085 1191 1214 1231 equus
1241 1192 1359 1220 arcus
1387 1179 1481 1220 ludo

94 1240 220 1280 fuere.
283 1240 399 1279 mitto
432 1240 525 1280 istic
559 1239 608 1279 ob
639 1241 807 1292 gratiam
833 1240 1032 1292 pueritiae
1059 1244 1152 1280 tuae
1178 1240 1358 1293 undique
1386 1251 1481 1294 gen·
1502 1252 1538 1280 15

92 1302 197 1341 tium
229 1299 473 1340 confluxisse
507 1300 638 1340 studia
671 1299 898 1340 litterarum
930 1305 1102 1353 tuaeque
1129 1313 1327 1353 personae
1355 1313 1481 1354 quon-

95 1361 187 1401 dam
220 1360 413 1415 debitum,
453 1360 559 1413 quod
593 1362 792 1401 sermonis
825 1360 968 1401 Celtici
1007 1373 1215 1414 squamam
1249 1361 1482 1415 depositura

94 1421 284 1462 nobilitas
329 1434 436 1461 nunc
487 1423 662 1462 oratorio
715 1421 824 1476 stilo,
875 1434 983 1461 nunc
1034 1423 1154 1462 etiam
1200 1421 1481 1463 Camenalibus

94 1482 225 1522 modis
271 1481 537 1522 imbuebatur.
602 1480 641 1523 3.
674 1481 773 1522 illud
812 1483 855 1521 in
893 1487 932 1522 te
976 1482 1165 1522 affectum
1202 1483 1482 1536 principaliter

95 1543 372 1583 universitatis
405 1542 600 1596 accendit,
639 1543 759 1596 quod,
799 1554 899 1595 quos
933 1542 1028 1582 olim
1061 1542 1226 1583 Latinos
1265 1544 1355 1584 fieri
1386 1556 1480 1584 exe·
1499 1558 1536 1584 20

95 1615 224 1657 geras,
262 1602 454 1642 barbaros
489 1602 679 1655 deinceps
719 1615 808 1643 esse
841 1604 1017 1644 vetuisti.
1080 1615 1162 1643 non
1201 1605 1310 1644 enim
1347 1608 1481 1657 potest

94 1675 286 1716 umquam
331 1664 471 1703 civicis
516 1663 750 1716 pectoribus
789 1662 907 1717 elabi,
952 1676 1073 1716 quem
1118 1669 1157 1703 te
1204 1670 1478 1718 quantumque

94 1736 224 1777 nuper
257 1725 388 1764 omnis
421 1728 530 1764 aetas
563 1723 661 1764 ordo
695 1736 814 1764 sexus
842 1736 863 1763 e
892 1725 1098 1764 semirutis
1125 1737 1336 1765 murorum
1362 1737 1479 1778 agge-

94 1784 208 1825 ribus
248 1784 598 1838 conspicabantur,
643 1796 735 1824 cum
779 1786 1004 1825 interiectis
1049 1784 1293 1838 aequoribus
1331 1787 1374 1825 in
1412 1785 1479 1826 ad-

93 1857 257 1886 versum
289 1844 577 1898 perambulatis
617 1850 657 1885 et
694 1846 758 1884 vix
798 1845 1074 1898 duodeviginti
1113 1847 1295 1898 equitum
1335 1845 1478 1886 sodali·
1499 1860 1534 1888 25

94 1911 176 1946 tate
222 1907 435 1946 comitatus
482 1905 633 1958 aliquot
683 1905 794 1945 milia
839 1904 1062 1946 Gothorum
1106 1918 1187 1946 non
1233 1908 1369 1947 minus
1414 1906 1478 1946 die

95 1979 215 2019 quam
249 1978 389 2019 campo
422 1966 567 2020 medio,
600 1966 707 2019 qnod
740 1966 903 2007 difficile
937 1968 990 2007 sit
1021 1968 1237 2020 posteritas
1263 1967 1479 2021 creditura,

93 2028 288 2067 transisti.
351 2027 391 2067 4.
425 2026 473 2067 ad
512 2028 687 2067 nominis
725 2028 785 2067 tui
824 2039 1029 2067 rumorem
1067 2039 1345 2080 personaeque
1384 2039 1478 2068 con-

94 2092 280 2140 spectum
312 2088 535 2127 exercitum
567 2089 946 2128 exercitatissimum
980 2093 1121 2141 stupor
1154 2087 1289 2127 obruit
1320 2089 1394 2142 ita,
1432 2093 1478 2128 ut

93 2160 189 2200 prae
222 2147 485 2188 admiratione
518 2149 724 2188 nescirent
750 2147 874 2188 duces
899 2149 1027 2201 partis
1053 2149 1254 2202 inimicae,
1287 2161 1406 2201 quam
1434 2160 1476 2188 se
1496 2164 1533 2191 30

94 2207 211 2248 multi
245 2221 444 2261 quamque
477 2213 516 2248 te
548 2210 668 2261 pauci
708 2210 1008 2249 comitarentur.
1074 2208 1270 2249 subducta
1302 2214 1363 2249 est
1394 2214 1478 2249 tota

95 2270 280 2322 protinus
319 2270 426 2309 acies
471 2269 513 2308 in
558 2268 820 2321 supercilium
867 2269 979 2310 collis
1022 2269 1200 2322 abrupti,
1247 2282 1347 2322 quae
1386 2282 1479 2311 cum

194 2389 238 2421 19
264 2384 305 2421 in
330 2386 369 2420 te
395 2383 494 2420 illud
523 2384 647 2431 01124
673 2384 992 2431 conspicabantur
1018 2385 1106 2421 LN
1111 2386 1152 2430 T,
1181 2385 1479 2432 conspicabatur

95 2433 274 2479 M01125
302 2432 500 2469 soliditate
529 2432 587 2481 Cu
608 2436 652 2469 29
680 2433 1042 2469 exercitatissimum
1068 2433 1277 2470 exercitum
1303 2435 1363 2482 On
