1592 2612
406 121 636 160 SIDONIUS
659 119 873 158 DOMITIO
900 119 993 157 SUO
1021 119 1264 157 SALUTEM.
1474 119 1532 163 35

145 228 183 269 si
218 225 346 268 flabra
382 237 577 280 posuere3
615 225 651 265 si
687 223 809 264 turbo
848 224 1056 264 austrinus
1094 223 1315 277 insorduit,
1357 224 1533 263 immane

144 288 362 342 turgescit,
397 287 454 327 ita
491 290 538 327 ut
574 284 766 326 arborum
804 285 931 325 comis
937 315 950 338 ,
988 296 1090 337 quae
1121 285 1296 337 margini
1326 284 1533 338 insistunt,

146 349 400 403 superiectae
433 347 661 400 asperginis
693 346 829 399 fragor
859 343 1040 398 impluat.
1093 344 1162 386 17.
1188 346 1276 398 ipse
1309 350 1443 385 autem
1471 357 1533 385 se—

145 408 324 451 cundum
347 419 562 448 mensuras
589 419 689 460 quas
708 406 846 447 ferunt
870 407 1054 446 nauticas
1075 407 1118 446 in
1144 405 1285 446 decem
1312 410 1352 446 et
1377 410 1534 459 septem

145 469 276 511 stadia
310 468 515 523 procedit,
558 468 680 508 ssuvio
724 468 918 520 intratus,
962 467 1033 519 qui
1075 466 1305 507 salebratim
1345 479 1534 507 saxorum
1570 474 1590 501 ⁵

145 529 332 572 obicibus
357 529 548 570 affractus
574 540 766 582 spumoso
793 529 972 569 canescit
998 527 1177 581 impulsu
1202 532 1244 568 et
1267 540 1343 568 nec
1369 528 1533 582 longum

144 590 323 645 scopulis
359 588 651 644 praecipitibus
684 593 896 642 exemptus
928 588 1019 628 lacu
1050 588 1257 643 conditur3
1297 601 1418 642 quem
1450 589 1534 629 fors

144 652 231 693 fuat
256 663 308 692 an
333 652 517 691 incurrat
542 662 593 690 an
618 650 750 704 faciat,
780 650 977 703 praeterit
1003 654 1126 704 certe,
1159 654 1322 690 coactus
1347 662 1422 703 per
1448 649 1533 690 cola

144 711 411 754 subterranea
450 710 669 765 deliquari,
706 723 789 751 non
827 715 873 751 ut
910 709 1120 764 fluctibus,
1159 709 1230 750 sed
1267 714 1313 750 ut
1351 709 1533 763 piscibus

145 777 458 827 pauperaretur3
504 773 573 825 qui
611 770 765 824 repulsi
801 772 845 811 in
883 772 1084 824 gurgitem
1128 771 1351 825 pigriorem
1390 783 1533 812 carnes
1554 784 1589 810 ιο

145 833 292 875 rubras
330 832 432 873 albis
470 831 755 872 abdominibus
793 831 1035 872 extendunt:
1076 833 1131 872 ita
1169 830 1250 872 illis
1291 844 1367 872 nec
1399 832 1534 872 redire

146 892 380 935 valentibus
411 905 488 933 nee
520 894 632 933 exire
662 893 875 946 permissis
908 892 1109 946 quendam
1134 894 1271 933 vivum
1297 897 1337 932 et
1363 894 1534 933 circum-

146 954 331 996 laticium
369 965 577 994 carcerem
610 953 862 1006 corpulentia
894 954 1000 994 facit.
1067 951 1135 994 18.
1168 953 1279 993 lacus
1311 954 1417 1007 ipse,
1457 966 1535 1006 qua

146 1015 302 1069 dexter,
334 1016 488 1055 incisus
515 1014 721 1055 flexuosus
746 1026 1080 1068 nemorosusque,
1113 1027 1191 1068 qua
1217 1012 1366 1069 laevus,
1391 1019 1535 1068 patens

145 1075 347 1119 herbosus
380 1074 571 1128 aequalis.
623 1087 776 1128 aequor
807 1075 857 1115 ab
883 1074 1018 1115 Africo
1044 1075 1174 1116 viride
1199 1087 1274 1127 per
1299 1074 1408 1129 litus,
1441 1076 1535 1128 quia
1554 1087 1590 1114 15

144 1138 189 1178 in
214 1136 366 1179 undam
390 1135 533 1176 fronde
559 1141 746 1189 porrecta
766 1140 811 1176 ut
836 1136 992 1189 glareas
1013 1148 1128 1191 aqua,
1161 1137 1219 1176 sic
1241 1148 1364 1189 aquas
1391 1136 1535 1176 umbra

146 1197 367 1251 perfundit.
410 1196 645 1237 huiusmodi
676 1196 853 1237 colorem
885 1196 934 1237 ab
961 1197 1118 1237 oriente
1149 1210 1224 1250 par
1250 1196 1442 1237 silvarum
1468 1209 1533 1237 co-

145 1270 246 1299 rona
279 1258 499 1298 continuat.
562 1270 636 1310 per
667 1257 859 1298 Arctoum
890 1257 996 1298 latus
1028 1263 1073 1298 ut
1103 1257 1245 1311 pelago
1278 1263 1442 1312 natura,
1475 1258 1534 1297 sic

149 1319 320 1372 species
384 1331 405 1358 a
438 1317 621 1371 Zephyro
653 1317 838 1371 plebeius
877 1323 917 1359 et
954 1319 1242 1359 tumultuarius
1282 1318 1417 1359 frutex
1454 1318 1530 1358 fre*

149 1384 403 1433 quenterque
435 1378 664 1419 lemborum
697 1378 1027 1432 superlabentum
1058 1379 1309 1433 ponderibus
1342 1379 1532 1434 inflexus;
1553 1392 1589 1417 20

148 1439 258 1480 hunc
308 1441 418 1480 circa
467 1438 612 1480 lubrici
665 1441 893 1493 scirporum
944 1441 1041 1480 cirri
1084 1439 1288 1494 plicantur
1332 1439 1534 1493 simulque

148 1501 323 1554 pingues
347 1499 533 1540 ulvarum
558 1501 728 1553 paginae
754 1505 894 1540 natant
922 1500 1169 1554 salicumque
1196 1500 1428 1553 glaucarum
1455 1501 1535 1541 fota

148 1573 313 1614 semper
344 1559 530 1600 dulcibus
563 1561 679 1613 aquis
712 1561 947 1601 amaritudo.
1003 1560 1070 1602 19.
1104 1563 1147 1601 in
1177 1561 1312 1601 medio
1343 1561 1535 1614 profundi

148 1620 287 1661 brevis
319 1620 466 1675 insula,
496 1620 568 1661 uhi
601 1633 722 1674 supra
754 1620 928 1661 molares
961 1621 1199 1662 naturaliter
1226 1627 1435 1675 aggeratos
1461 1635 1536 1675 per

147 1683 416 1735 impactorum
436 1686 586 1735 puncta
607 1693 811 1722 remorum
832 1681 1039 1722 navalibus
1059 1684 1155 1722 trita
1177 1684 1286 1735 gyris
1312 1688 1418 1723 meta
1440 1695 1533 1736 pro-
1554 1693 1590 1720 25

148 1741 323 1796 tuberat,
354 1742 403 1783 ad
438 1754 558 1795 quam
585 1754 628 1782 se
655 1742 831 1782 iucunda
858 1742 1069 1783 ludentum
1095 1743 1301 1796 naufragia
1328 1742 1532 1783 collidunt.

145 1815 239 1844 nam
281 1804 407 1843 moris
445 1804 538 1843 istic
577 1802 652 1843 fuit
685 1803 915 1843 senioribus
953 1805 1105 1844 nostris
1138 1816 1307 1856 agonem
1340 1803 1533 1857 Drepani-

145 1868 285 1904 tanum
310 1863 507 1904 Troianae
541 1865 843 1917 superstitionis
875 1865 1038 1904 imitari.
1083 1866 1164 1905 iam
1191 1876 1286 1904 vero
1313 1877 1408 1917 ager
1434 1866 1534 1918 ipse,

146 1936 390 1977 quamquam
427 1924 503 1964 hoc
547 1937 667 1977 supra
706 1923 907 1979 debitum,
952 1925 1123 1965 diffusus
1168 1926 1211 1964 in
1250 1924 1361 1965 silvis
1400 1926 1533 1978 pictus

145 1985 188 2024 in
219 1986 366 2038 pratis,
402 1997 624 2038 pecorosus
663 1986 705 2025 in
743 1987 906 2039 pascuis
945 1987 988 2025 in
1025 1985 1257 2039 pastoribus
1289 1985 1532 2038 peculiosus.
1552 1997 1589 2023 30

148 2043 219 2086 20.
254 2045 324 2085 sed
357 2057 439 2085 non
471 2045 644 2098 amplius
670 2058 819 2100 moror,
851 2058 914 2100 ne,
949 2048 983 2086 si
1015 2045 1174 2099 longior
1201 2046 1292 2086 stilo
1320 2047 1533 2100 terminus,

147 2104 397 2158 relegentem
441 2111 481 2146 te
528 2111 744 2146 autumnus
786 2108 975 2147 inveniat.
1046 2106 1217 2159 proinde
1256 2107 1357 2146 mihi
1400 2106 1533 2147 tribue

148 2165 338 2206 veniendi
370 2165 620 2206 celeritatem
653 2162 765 2222 (nam
798 2167 998 2208 redeundi
1023 2179 1177 2207 moram
1203 2167 1278 2206 tibi
1304 2168 1391 2220 ipse
1418 2180 1533 2220 prae-

246 2323 267 2355 5
293 2317 461 2355 intratus
488 2319 582 2365 LN,
609 2319 776 2356 intratur
802 2321 877 2367 (vel
904 2322 965 2356 tus
992 2333 1019 2357 s.
1042 2322 1064 2357 l.
1092 2322 1178 2357 add.
1200 2320 1389 2367 M¹)MO,
1415 2319 1533 2356 intra-

148 2367 213 2402 tus
240 2378 335 2404 corr.
354 2369 398 2404 in
423 2367 589 2404 intratur
610 2369 660 2404 ΤΞ
678 2370 691 2415 ΙΙ
711 2372 731 2404 7
757 2369 836 2406 fors
856 2369 939 2405 fuat
961 2370 1055 2413 LN,
1082 2369 1225 2406 forfuat
1245 2370 1297 2406 M
1302 2370 1339 2415 C,
1367 2368 1535 2405 confluat

152 2414 215 2462 ΤΙ
235 2418 256 2451 8
283 2417 352 2452 aut
377 2415 498 2453 faciat
525 2417 587 2464 ΤΗ
607 2421 652 2454 26
678 2417 883 2464 naufragia.
908 2418 1107 2454 ludentum
1137 2417 1195 2464 C'ss

1263 2480 1316 2513 3*
