1592 2612
143 121 229 164 246
688 115 894 154 CARMEN
919 116 966 153 II.

263 223 311 263 ad
343 221 510 261 Boream
541 231 694 272 pugnas
728 223 766 258 et
799 217 1030 258 formidaris
1063 216 1112 257 ad
1143 216 1347 257 Austrum.

321 283 421 323 Ante
453 286 586 320 tamen
618 291 738 332 quam
769 283 809 319 te
843 279 997 318 socium
1029 276 1181 330 collega
1212 282 1380 332 crearet,

261 342 547 396 perstrinxisse
580 339 690 394 libet,
723 351 823 392 quos
855 338 986 391 Illyris
1019 350 1089 378 ora
1119 337 1349 390 triumphos

167 412 237 445 225
263 403 418 455 viderit,
451 402 627 441 excisam
660 412 760 452 quae
794 411 836 439 se
868 398 1088 439 Valameris
1121 397 1170 438 ab
1202 399 1326 438 armis

261 464 362 504 forte
394 462 506 502 ducis
539 461 670 500 nostri
702 461 797 500 vitio
830 459 990 499 deserta
1022 458 1217 511 gemebat.

261 523 365 563 haud
399 521 526 575 aliter,
558 533 700 561 caesus
734 519 935 573 quondam
969 531 1061 559 cum
1093 518 1240 572 Caepio
1272 518 1399 560 robur

262 583 415 624 dedidit
445 581 679 634 Ausonium,
712 580 843 620 subita
876 584 1044 633 cogente
1077 581 1195 620 ruina

264 644 439 684 electura
472 642 615 682 ducem
646 647 738 694 post
770 645 931 694 guttura
963 640 1089 681 fracta
1119 640 1335 693 Iugurthae

165 713 234 745 230
260 704 387 744 ultum
419 703 653 755 Arpinatem
684 701 899 754 Calpurnia
930 701 1092 741 foedera
1124 700 1246 741 lixam

262 765 450 817 opposuit
481 762 621 803 rabido
655 761 883 814 respublica
913 763 1055 802 territa
1089 760 1264 802 Cimbro.

260 825 326 865 hic
356 826 533 877 primum
564 828 609 863 ut
639 827 792 862 vestras
826 821 979 875 aquilas
1011 823 1219 875 provincia
1250 822 1361 877 vidit,

260 885 380 925 desiit
410 883 576 924 hostiles
610 883 823 923 confestim
854 883 1022 923 horrere
1055 882 1262 923 dracones.

258 945 369 985 ilicet
400 944 565 985 edomiti
596 942 700 983 bello
733 943 961 996 praedaque
995 948 1180 983 carentes

165 1012 234 1046 235
260 1018 353 1046 mox
384 1006 463 1057 ipsi
494 1010 563 1044 tua
593 1004 743 1056 praeda
776 1005 919 1044 iacent.
983 1003 1055 1044 sed
1088 1004 1312 1044 omittimus
1345 1004 1447 1044 istos

259 1071 305 1106 ut
335 1065 609 1119 populatores:
640 1064 737 1104 belli
768 1066 896 1117 magis
928 1069 1015 1104 acta
1047 1063 1219 1104 revolvo.

262 1126 367 1179 quod
399 1125 548 1165 bellum
580 1137 662 1164 non
694 1137 814 1177 parva
846 1137 989 1165 manus
1021 1137 1096 1165 nec
1129 1137 1292 1165 carcere
1326 1124 1451 1165 fracto

261 1186 309 1226 ad
342 1186 603 1239 gladiaturam
634 1190 680 1225 tu
712 1185 900 1238 Spartace
934 1186 1065 1225 vincte
1098 1186 1261 1239 parasti,

262 1247 331 1287 sed
365 1246 572 1299 Scythicae
604 1258 701 1298 vaga
732 1245 850 1285 turba
881 1245 1033 1299 plagae,
1066 1246 1238 1286 feritatis
1270 1244 1493 1300 abundans,

166 1314 236 1346 240
262 1307 361 1360 dira,
392 1319 526 1360 rapax,
560 1306 786 1360 vehemens,
817 1307 918 1359 ipsis
950 1318 1110 1358 quoque
1144 1305 1332 1358 gentibus
1363 1305 1446 1346 illic

259 1367 430 1407 barbara
461 1366 695 1420 barbaricis,
727 1368 843 1406 cuius
876 1366 957 1406 dux
988 1365 1206 1406 Hormidac
1238 1370 1357 1419 atque

261 1429 359 1468 civis
392 1432 487 1467 erat.
551 1428 641 1479 quis
672 1426 751 1467 tale
785 1427 916 1467 solum
949 1432 1011 1467 est
1042 1439 1259 1480 moresque
1291 1438 1520 1480 genusque:

261 1487 374 1528 albus
404 1486 675 1540 Hyperboreis
707 1487 852 1527 Tanais
886 1500 963 1540 qua
994 1487 1166 1527 vallibus
1198 1491 1312 1527 actus

259 1548 435 1601 Riphaea
467 1548 516 1588 de
549 1553 663 1588 caute
696 1548 815 1602 cadit,
846 1549 951 1588 iacet
982 1560 1055 1588 axe
1089 1547 1163 1589 sub
1195 1546 1323 1588 Ursae

165 1615 233 1648 245
261 1621 358 1661 gens
392 1610 537 1648 animis
569 1608 842 1661 membrisque
875 1610 1028 1648 minax:
1060 1610 1116 1648 ita
1148 1607 1325 1649 vultibus
1357 1609 1458 1661 ipsis

263 1670 459 1709 infantum
493 1681 589 1708 suus
621 1669 766 1708 horror
798 1670 917 1709 inest.
981 1670 1190 1721 consurgit
1221 1669 1264 1708 in
1295 1672 1428 1708 artum

261 1741 393 1769 massa
424 1729 596 1769 rotunda
629 1734 766 1782 caput3
799 1730 971 1781 geminis
1004 1729 1078 1770 suh
1112 1729 1243 1769 fronte
1276 1730 1464 1769 cavernis

261 1791 370 1829 visus
403 1789 516 1829 adest
548 1789 674 1829 oculis
707 1788 960 1844 absentibus,
993 1795 1080 1830 acta
1113 1788 1271 1830 cerebri

262 1851 303 1889 in
336 1862 534 1889 cameram
566 1851 629 1889 vix
664 1849 712 1889 ad
744 1850 906 1902 refugos
939 1850 1007 1890 lux
1039 1851 1225 1903 pervenit
1256 1848 1387 1903 orbes,

166 1917 236 1949 250
262 1922 343 1949 uon
374 1914 507 1949 tamen
540 1914 580 1949 et
612 1909 787 1964 clausos,
819 1923 911 1950 nam
944 1911 1098 1951 fornice
1131 1923 1213 1950 non
1245 1911 1422 1963 spatioso

262 1982 403 2021 magna
434 1969 570 2009 vident
602 1972 740 2025 spatia,
772 1975 812 2010 et
843 1972 1010 2011 maioris
1041 1970 1207 2011 luminis
1238 1982 1359 2011 usum

262 2030 474 2082 perspicua
506 2031 548 2069 in
579 2032 712 2082 puteis
744 2036 1006 2084 compensant
1037 2036 1186 2084 puncta
1216 2030 1440 2084 profundis.

264 2094 361 2143 tum,
393 2101 443 2129 ne
476 2102 548 2142 per
580 2090 703 2130 malas
736 2096 943 2131 excrescat
975 2091 1108 2132 fistula
1141 2090 1301 2145 dupleX,

265 2149 448 2189 obtundit
479 2155 637 2190 teneras
671 2152 916 2191 circumdata
949 2152 1071 2192 fascia
1103 2164 1234 2206 nares,

240 2303 308 2336 239
335 2301 450 2347 vaga]
477 2313 577 2337 nova
598 2303 632 2338 T
648 2304 660 2348 ΙΙ
680 2306 748 2338 242
774 2314 974 2349 moresque
999 2315 1063 2352 eqo
1091 2305 1194 2349 (item
1212 2303 1455 2349 Luetjohawn
1478 2303 1523 2339 in

141 2349 268 2394 aobn.);
287 2349 459 2394 murique
474 2351 576 2386 codd.
597 2352 610 2395 11
629 2354 699 2386 246
714 2352 838 2387 atrum
857 2351 888 2388 O
902 2354 914 2399 ss
933 2354 1001 2387 251
1022 2351 1206 2389 maiorem
1222 2352 1258 2388 T.
1272 2354 1285 2399 11
1303 2354 1376 2388 254
1393 2351 1525 2388 fascea.

143 2397 182 2436 P
204 2399 314 2444 (corr.
340 2409 386 2434 ex
410 2396 533 2443 facea)
563 2398 594 2434 Ο
609 2400 621 2444 ΙΙ
