1592 2612
1241 0 1251 4 ,
1260 0 1285 4 .,,,
1292 0 1323 5 w„
1331 0 1339 4 .
1347 0 1592 23 ,Ἰτπμιγψῐνη

148 150 234 194 208
657 144 804 181 menn
829 143 1008 181 NONUS.

149 251 350 303 geminare
396 261 486 288 cum
530 246 701 300 quadam
744 247 891 286 mentis
936 245 1160 285 intentione
1212 243 1425 300 dehemus,
1467 257 1520 286 ne

149 311 251 350 forte
283 309 463 349 videatur
494 308 580 360 ipse
612 306 704 360 plus
736 306 891 347 litteras
924 317 973 345 ex
1005 316 1115 344 more
1149 303 1369 357 deposcere
1402 317 1522 358 quam

149 383 222 410 nos
255 382 303 410 ex
336 380 469 408 amore
507 367 678 421 dictare,
722 366 885 406 domine
922 377 1042 419 papa3
1086 364 1259 417 ideoque
1296 369 1529 406 vestrorum-

149 430 239 483 plus
271 432 524 481 mementote,
557 440 658 480 quos
690 428 797 466 inter
828 426 1133 484 praesumimus¹
1157 426 1401 479 computari,
1436 426 1526 478 qui-

113 502 131 529 5
152 502 249 543 que,
288 490 391 529 sicut
422 489 566 527 vestris
599 488 794 539 erigimur
826 485 1034 539 secundis,
1072 487 1128 525 ita
1159 484 1426 538 deprimimur
1457 485 1525 526 ad-

150 551 288 589 versis.
341 547 379 588 2.
406 560 498 587 nam
518 547 624 600 quod
645 559 774 600 nuper
795 547 1075 599 quorumpiam
1095 546 1266 586 fratrum
1283 547 1526 586 necessitate

150 609 296 649 multos
341 607 588 661 pertuleritis
642 619 831 661 angores,
881 605 1006 647 ssebili
1050 606 1099 646 ad
1143 605 1287 646 flentes
1331 606 1526 647 relatione

149 670 343 722 pervenit.
407 668 477 708 sed
526 673 589 722 tu,
639 667 714 707 ssos
766 667 1020 707 sacerdotum
1072 678 1229 719 gemma
1277 667 1527 721 pontificum,

152 730 317 770 scientia
355 729 470 768 fortis
508 728 651 768 fortior
693 729 956 781 conscientia,
996 727 1126 767 minas
1164 727 1373 780 undasque
1410 739 1529 767 mun-

99 803 133 828 10
153 789 318 829 dialium
351 800 495 841 sperne
527 788 776 842 nimborum,
817 789 910 840 quia
948 787 1183 840 frequenter
1221 788 1309 840 ipse
1342 787 1527 841 docuisti,
1568 819 1578 830 .

152 849 257 902 quod
296 849 343 888 ad
382 850 579 901 promissa
617 850 796 889 convivia
834 848 1153 901 patriarcharum
1196 847 1259 888 vel
1297 847 1346 887 ad
1388 852 1529 889 nectar

151 909 383 949 caelestium
410 908 648 961 poculorum
675 921 749 961 per
769 908 1084 949 amaritudinum
1104 913 1361 948 terrenarum
1380 907 1528 949 calices

151 970 439 1022 perveniretur.
485 967 523 1010 3.
557 969 655 1009 velis
687 968 804 1023 nolis,
837 970 1007 1022 quisque
1040 970 1261 1022 contempti
1291 968 1527 1008 mediatoris

152 1031 413 1082 consequitur
457 1041 626 1082 regnum
633 1061 644 1083 ,
695 1030 878 1082 sequitur
931 1028 1171 1082 exemplum.
1234 1028 1530 1081 quantumlibet

98 1101 131 1128 15
152 1089 268 1129 nobis
301 1090 545 1129 anxietatum
570 1094 728 1142 pateras
760 1091 862 1129 vitae
888 1090 1113 1143 praesentis
1138 1090 1327 1142 propinet
1352 1089 1530 1143 afflictio,

152 1161 271 1202 parva
303 1149 532 1204 toleramus,
559 1152 593 1190 si
619 1150 892 1204 recordamur,
918 1149 1015 1202 quid
1041 1149 1192 1189 biberit
1217 1149 1266 1189 ad
1292 1149 1530 1203 patibulum,

154 1211 223 1262 qui
255 1210 395 1248 invitat
427 1210 475 1249 ad
514 1210 678 1250 caelum.
742 1222 898 1250 memor
934 1211 1065 1250 nostri
1106 1221 1196 1249 esse
1235 1209 1421 1264 dignare,
1461 1209 1532 1249 do-

154 1271 262 1309 mine
297 1282 408 1322 papa.

816 1412 868 1456 V.

278 1493 503 1529 SIDONIUS
529 1493 722 1530 DOMINO
748 1495 908 1530 PAPAE
934 1494 1139 1531 IULIANO
1167 1493 1410 1531 SALUTEM.

102 1582 138 1607 20
251 1567 288 1610 1.
320 1569 406 1609 Etsi
438 1570 665 1622 plusculum
690 1572 793 1612 forte
826 1572 1012 1626 discreta,
1045 1584 1165 1625 quam
1197 1572 1421 1612 communis
1447 1571 1531 1611 ani-

158 1642 247 1669 mus
281 1629 457 1683 optabat,
504 1631 596 1670 sede
630 1633 906 1686 consistimus,
937 1645 1019 1673 non
1051 1637 1186 1672 tamen
1217 1631 1342 1672 medii
1372 1632 1532 1672 itineris

159 1690 336 1743 obiectu,
382 1695 573 1742 quantum
606 1691 654 1730 ad
694 1692 929 1732 solvendum
974 1697 1128 1746 spectat
1166 1692 1363 1746 officium,
1395 1696 1533 1732 nostra

160 1749 350 1789 sedulitas
384 1750 665 1805 impediretur,
710 1754 789 1792 nisi
823 1753 928 1805 quod
960 1765 1034 1806 per
1065 1765 1189 1805 regna
1221 1752 1341 1792 divisi
1372 1765 1395 1792 a
1425 1764 1532 1792 com-

160 1811 309 1849 mercio
361 1811 633 1862 frequentiore
686 1815 882 1852 sermonis
928 1813 1178 1853 diversarum
1229 1814 1399 1852 sortium
1443 1814 1533 1852 iure

105 1880 140 1907 25
160 1881 410 1923 revocamur,
445 1883 544 1922 quae
577 1884 683 1911 nunc
718 1872 849 1912 saltim
882 1878 972 1925 post
1002 1874 1113 1926 pacis
1139 1874 1280 1913 initam
1306 1874 1534 1926 pactionem

161 1931 254 1982 quia
286 1929 470 1969 fidelibus
497 1932 640 1971 animis
667 1932 991 1987 foederabuntur,
1017 1935 1152 1986 apices
1178 1934 1310 1973 nostri
1335 1934 1532 1986 incipient

161 2002 385 2029 commeare
407 1989 550 2044 crebri,
565 1993 753 2043 quoniam
774 1998 932 2033 cessant
952 2006 1040 2034 esse
1062 1995 1251 2047 suspecti.
1285 1991 1324 2033 2.
1350 1993 1534 2046 proinde,

162 2049 321 2089 domine
366 2062 484 2103 papa,
529 2064 619 2090 cum
659 2055 922 2093 sacrosanctis
968 2054 1160 2094 fratribus
1198 2054 1345 2094 vestris
1381 2054 1534 2107 pariter

162 2109 320 2149 Christo
355 2109 647 2162 supplicaturas
680 2113 832 2164 iungite
865 2126 1024 2168 preces,
1069 2119 1115 2154 ut
1151 2114 1337 2166 dignatus
1368 2125 1534 2166 prospe-

261 2276 281 2307 3
308 2272 470 2317 ideoque
497 2273 542 2318 L,
570 2273 657 2310 ideo
683 2276 790 2317 (corr.
818 2277 861 2311 in
886 2276 926 2311 in
953 2278 1023 2313 deo
1050 2277 1268 2323 M¹)MOT
1292 2279 1305 2324 ΙΙ
1334 2280 1355 2313 5
1382 2276 1437 2312 sic
1462 2277 1498 2313 L
1527 2276 1532 2324 Ι
1578 2315 1587 2319 ⁷.

162 2321 219 2356 ita
246 2320 494 2367 deprimimur
519 2332 585 2358 om.
607 2323 643 2357 L
662 2324 673 2369 ΙΙ
702 2327 745 2358 14
771 2324 1031 2369 quantaslibet
1059 2326 1091 2362 O
1113 2328 1126 2373 ΙΙ
1159 2330 1203 2361 16
1229 2325 1463 2362 recordimur
1487 2325 1536 2371 L,

162 2370 187 2404 i.
214 2380 242 2405 e.
269 2369 520 2414 recordemur,
546 2371 632 2415 fort.
659 2376 752 2408 recte
777 2374 788 2418 ΙΙ
814 2376 858 2407 23
884 2372 975 2421 nisi]
1003 2385 1078 2410 non
1106 2374 1138 2410 Ο
1164 2377 1176 2420 u
1208 2377 1254 2410 24
1278 2372 1535 2418 frequentiore

164 2417 222 2462 M,
248 2417 310 2453 vel
334 2416 387 2452 ris
413 2429 439 2453 s.
468 2418 490 2454 l.
518 2419 603 2454 add.
627 2419 677 2454 M
682 2420 690 2438 ¹
710 2422 722 2466 ΙΙ
743 2423 786 2455 29
815 2421 1093 2467 supplicaturas
1121 2422 1270 2458 Christo
1299 2421 1369 2459 OT
1385 2424 1397 2468 ΙΙ
