1592 2612
161 119 252 164 274

186 471 255 503 570

182 771 251 803 575

178 1072 247 1105 580

176 1373 245 1406 585

173 1673 243 1706 590

171 1974 240 2006 595

709 115 916 153 CARMEN
940 114 987 152 V.

283 222 454 261 sustinet
485 220 627 260 armati
659 231 794 270 curas,
826 219 1048 269 interprete
1082 215 1156 257 sub
1189 228 1269 270 quo

283 282 458 321 flectitur
489 280 537 319 ad
569 284 722 319 vestras
754 290 852 330 gens
885 278 1007 317 effera
1039 274 1328 317 condiciones?

282 342 377 394 quid
409 341 570 380 laudare
601 339 764 379 Petrum
796 339 948 391 parviS,
979 338 1194 378 temeraria
1225 336 1329 391 Clio,

281 401 433 441 viribus
466 397 724 452 aggrederis?
781 400 896 439 cuius
928 398 1115 450 dignatur
1147 397 1196 438 ab
1228 410 1298 438 ore

283 462 427 502 Caesar
458 463 499 500 in
533 459 628 500 orbe
660 460 789 513 loqui,
820 459 915 499 licet
947 463 987 498 et
1019 463 1232 511 quaestore
1266 458 1419 499 diserto

279 521 443 575 polleat3
475 525 651 560 attamen
682 520 747 560 hic
780 532 928 573 nuper,
960 518 1232 571 placidissime
1264 519 1475 574 princeps,

279 582 416 622 obside
449 586 639 634 percepto
672 585 832 620 nostrae
866 579 915 619 de
948 579 1162 620 moenibus
1195 578 1309 620 urhis

278 641 500 682 visceribus
533 642 694 681 miseris
727 642 925 680 insertum
959 639 1114 694 depulit
1146 652 1296 680 ensem.

279 707 318 742 et
350 704 441 755 quia
474 702 630 742 lassatis
662 703 833 741 nimium
867 713 959 753 spes
991 702 1111 742 unica
1142 700 1264 741 rebus

278 764 442 817 venisti,
474 763 642 816 nostris,
673 763 868 814 petimus,
902 773 1094 802 succurre
1127 762 1256 801 ruinis

276 822 595 875 Lugdunumque
627 827 755 877 tuam,
788 822 885 862 dum
916 822 1133 876 praeteris,
1166 822 1300 874 aspice
1333 822 1480 862 victor:

275 885 353 923 otia
384 888 475 936 post
506 884 652 923 nimios
683 884 816 936 poscit
846 886 886 922 te
918 882 1044 923 fracta
1074 881 1244 923 labores.

276 945 340 984 cui
371 956 511 996 pacem
543 943 632 998 das,
665 943 787 983 redde
821 944 1017 983 animum:
1049 943 1195 984 lassata
1227 943 1387 983 iuvenci

277 1006 411 1044 cervix
444 1004 626 1056 deposito
659 1003 803 1044 melius
836 1008 929 1057 post
961 1003 1089 1044 sulcat
1120 1007 1252 1044 aratro

274 1064 430 1104 telluris
463 1064 641 1116 glaebam
675 1064 837 1105 solidae.
899 1064 1019 1118 bove,
1052 1065 1185 1118 fruge,
1218 1062 1379 1117 colono,

274 1124 427 1164 civibus
460 1125 651 1164 exhausta
684 1130 756 1164 est.
821 1126 963 1165 stantis
996 1125 1157 1165 fortuna
1189 1123 1354 1178 latebat3

274 1185 369 1224 dum
402 1186 574 1238 capitur,
606 1198 676 1225 vae
704 1190 851 1238 quanta
876 1183 973 1225 fuit!
1017 1190 1110 1238 post
1135 1184 1296 1238 gaudia,
1328 1185 1532 1239 princeps,

274 1244 444 1285 delectat
475 1247 708 1285 meminisse
741 1245 847 1286 mali.
910 1245 1187 1299 populatibus,
1219 1245 1305 1297 igni

274 1307 350 1345 etsi
382 1305 631 1345 concidimus
640 1338 652 1360 7
684 1307 850 1346 veniens
882 1311 1018 1346 tamen
1051 1307 1184 1346 omnia
1215 1309 1350 1345 tecum

272 1367 471 1406 restituis:
504 1366 652 1406 fuimus
684 1369 809 1406 vestri
842 1368 935 1419 quia
968 1379 1087 1407 causa
1118 1365 1332 1419 triumphi,

272 1426 358 1478 ipsa
390 1427 505 1466 ruina
536 1425 677 1478 placet.
741 1439 832 1466 cum
865 1429 993 1467 victor
1026 1427 1219 1467 scandere
1252 1437 1418 1466 currum

271 1487 442 1538 incipies
474 1487 706 1539 crinemque
741 1499 899 1527 sacrum
932 1487 1007 1527 tibi
1038 1500 1151 1528 more
1183 1487 1368 1540 priorum

270 1551 403 1586 nectet
435 1546 618 1600 muralis,
649 1547 827 1602 vallaris,
860 1549 985 1588 civica
1017 1548 1154 1588 laurus

271 1611 310 1646 et
342 1619 482 1658 regum
513 1609 711 1660 aspicient
743 1607 938 1661 Capitolia
970 1608 1075 1649 fulva
1108 1613 1291 1661 catenas,

271 1679 361 1706 cum
393 1668 539 1707 vesties
572 1667 738 1707 Romam
773 1668 930 1723 spoliis,
963 1682 1054 1710 cum
1087 1668 1208 1709 divite
1241 1679 1334 1708 cera

269 1728 410 1778 pinges
443 1727 587 1780 Cinyfii
619 1730 773 1781 captiva
805 1729 975 1782 mapalia
1007 1729 1174 1783 Bocchi,

268 1788 354 1838 ipse
386 1800 458 1839 per
491 1788 695 1828 obstantes
727 1789 896 1842 populos
928 1802 1152 1842 raucosque
1186 1790 1365 1841 fragores

267 1848 503 1899 praecedam
535 1853 575 1888 et
604 1851 735 1902 tenui,
768 1851 873 1890 sicut
904 1863 1030 1904 nunc,
1062 1851 1238 1890 carmine
1272 1849 1404 1889 dicam

267 1911 306 1946 te
339 1909 516 1959 geminas
548 1908 684 1963 Alpes,
718 1910 856 1962 Syrtes
888 1915 946 1965 te,
978 1915 1018 1950 te
1050 1922 1162 1950 mare
1195 1921 1398 1964 magnum,

267 1971 306 2006 te
340 1967 458 2021 freta,
489 1972 528 2007 te
561 1968 729 2022 Libycas
762 1972 914 2023 pariter
947 1971 1152 2010 domuisse
1186 1974 1383 2024 catervas,

270 2031 360 2066 ante
392 2032 525 2067 tamen
556 2030 701 2069 vicisse
734 2030 844 2070 mihi.
909 2031 1015 2083 quod
1047 2031 1199 2071 lumina
1231 2030 1361 2070 flectis

273 2087 458 2139 quodque
492 2094 674 2129 serenato
706 2092 876 2131 miseros
909 2093 988 2131 iam
1021 2092 1191 2144 respicis
1218 2103 1306 2144 ore,

268 2146 446 2187 exultare
479 2147 592 2188 libet:
625 2152 811 2205 memini,
844 2163 935 2191 cum
967 2163 1134 2205 parcere
1165 2150 1306 2204 velles,

243 2302 313 2335 573
341 2300 484 2347 ensem]
511 2299 662 2336 hostem
687 2302 737 2337 M
742 2302 862 2338 Casa
880 2305 892 2350 ΙΙ
913 2306 982 2340 578
1010 2304 1076 2349 qui
1104 2302 1135 2340 Ο
1149 2304 1162 2348 ΙΙ
1182 2305 1252 2338 590
1278 2302 1403 2338 vestes
1423 2301 1522 2348 MP,

143 2346 263 2382 vestis
291 2347 349 2383 Ta
385 2348 396 2393 ΙΙ
435 2351 505 2383 594
532 2348 676 2396 Syrtes,
708 2350 826 2397 Alpes
852 2352 890 2387 te
923 2352 1190 2396 Wilamowitz;
1221 2351 1283 2387 sed
1308 2351 1355 2396 ef,
1376 2349 1444 2387 Sil.
1463 2331 1528 2396 II',

142 2397 238 2439 333,

263 2396 441 2433 Prudent.
463 2397 591 2443 perist.
612 2398 671 2443 ΙΙ,
691 2401 765 2436 538
790 2399 891 2435 binis
918 2402 1084 2437 remotos
1110 2398 1272 2446 Alpibus
1291 2400 1304 2446 fl
