1592 2612
171 104 259 147 292
703 97 910 135 CARMEN
935 97 1017 134 vn.

293 204 439 244 excidii
472 203 617 243 veteris
649 202 804 241 crimen
835 211 1009 252 purgare
1041 197 1190 238 valebit

291 264 390 305 ultio
422 263 660 316 praesentis,
693 263 728 301 si
759 266 816 314 tu,
848 259 929 299 dux
961 258 1113 313 inclite,
1146 257 1276 298 solum

291 325 460 377 Augusti
492 323 636 363 subeas
669 333 826 362 nomen.
891 319 987 373 quid
1020 319 1171 359 lumina
1203 315 1364 359 flectis?

197 395 266 427 510
292 386 459 425 invitum
492 383 583 436 plus
615 394 704 422 esse
738 381 863 421 decet.
926 392 1008 420 non
1041 380 1223 432 cogimus
1254 378 1376 432 istud,

294 445 363 485 sed
397 449 683 484 contestamur:
715 441 865 482 Romae
899 453 988 481 sum
1019 445 1059 480 te
1094 440 1195 480 duce
1228 440 1395 494 amicus,

291 507 473 558 principe
504 509 544 544 te
577 503 705 543 miles.
768 514 940 555 regnum
972 513 1054 541 non
1085 501 1285 554 praeripis
1317 499 1402 554 ulli,

291 578 365 606 nec
398 566 610 618 quisquam
642 563 774 603 Latias
808 563 1011 615 Augustus
1043 561 1225 614 possidet
1257 573 1394 615 arces3

292 639 369 678 qua
400 630 523 679 vacat,
556 623 643 664 aula
674 629 742 664 tua
775 628 847 663 est.
910 627 1050 676 testor,
1082 634 1165 662 non
1198 621 1348 662 sufficit
1379 619 1502 674 istud,

197 696 265 728 515
292 699 343 726 ne
375 698 559 739 noceam3
593 689 711 737 atque
743 689 812 724 tuo
844 683 921 723 hoc
953 684 1108 723 utinam
1139 682 1365 722 diademate
1397 681 1477 735 fiat,

295 752 340 787 ut
370 744 540 799 prosim!
575 745 744 785 suadere
776 756 913 784 meum
946 748 1024 798 est3
1057 755 1151 783 nam
1183 741 1309 783 Gallia
1341 743 1377 782 si
1407 746 1447 782 te

297 806 547 860 compulerit,
581 818 682 858 quae
714 806 803 845 iure
836 808 983 859 potest,
1013 803 1090 844 tibi
1119 808 1260 857 pareat
1292 802 1415 857 orbis,

295 880 345 907 ne
378 864 543 920 pereat.'
607 866 708 906 dixit
739 866 972 918 pariterque
1005 866 1048 904 in
1080 863 1203 904 verba
1234 864 1361 916 petita

296 927 363 967 dat
394 932 571 967 sanctam
604 938 696 966 cnm
727 927 850 966 fratre
883 926 1015 965 fidem.
1078 924 1268 978 discedis,
1299 923 1424 977 Avite,

202 997 270 1029 520
296 992 484 1042 maestus,
517 989 587 1040 qui
619 986 751 1027 Gallos
785 988 912 1026 scires
944 998 1027 1026 non
1057 997 1178 1039 posse
1209 984 1348 1038 latere,

299 1048 403 1101 quod
435 1049 591 1101 possint
623 1049 774 1087 servire
808 1046 929 1087 Getae
961 1051 1000 1086 te
1033 1047 1229 1099 principe.
1291 1057 1465 1098 namque

300 1108 453 1148 civibus
485 1113 530 1148 ut
560 1109 690 1161 patuit
720 1107 892 1160 trepidis
924 1112 964 1147 te
998 1106 1160 1147 foedera
1192 1106 1313 1159 ferre,

300 1174 518 1208 occurrunt
548 1168 699 1209 alacres
732 1170 953 1220 ignaroque
986 1171 1078 1207 ante
1110 1165 1290 1207 tribunal

302 1234 503 1283 sternunt3
535 1234 658 1281 utque
692 1230 789 1268 satis
822 1228 985 1268 sibimet
1015 1239 1232 1268 numerosa
1265 1227 1396 1266 coisse

207 1298 274 1330 525
302 1289 490 1329 nobilitas
522 1291 605 1329 visa
639 1294 711 1343 est,
744 1301 862 1342 quam
896 1301 991 1329 saxa
1021 1287 1167 1328 nivalia
1200 1286 1307 1328 Cotti

302 1350 545 1403 despectant,
576 1351 697 1389 variis
729 1362 803 1389 nec
835 1362 917 1389 non
949 1361 1068 1402 quam
1099 1347 1283 1402 partibus
1315 1346 1440 1387 ambit

302 1410 498 1462 Tyrrheni
528 1410 736 1462 Rhenique
768 1410 913 1464 liquor,
943 1409 1006 1450 vel
1037 1409 1161 1462 longa*
1186 1408 1359 1462 Pyrenei

304 1483 421 1522 quam
453 1472 544 1522 iuga
576 1470 624 1510 ab
656 1470 832 1523 Hispano
867 1470 1065 1510 seclusam
1095 1471 1184 1510 iure
1217 1469 1446 1522 cohercent,

302 1530 531 1583 aggreditur
561 1532 685 1570 nimio
717 1543 906 1571 curarum
937 1530 1115 1584 pondere
1146 1531 1307 1570 tristem

210 1599 278 1631 530
305 1591 480 1643 gaudens
513 1591 629 1630 turha
662 1593 804 1631 virum.
855 1603 1071 1644 procerum
1102 1595 1189 1631 tum
1217 1590 1418 1630 maximus
1445 1599 1562 1642 unus,

306 1651 462 1705 dignus,
495 1653 564 1703 qui
594 1653 746 1704 patriae
779 1664 994 1704 personam
1026 1655 1217 1705 sumeret,
1248 1650 1355 1690 infit:

304 1708 439 1763 ‘quam
472 1724 545 1751 nos
577 1724 649 1764 per
680 1714 812 1752 varios
845 1712 996 1752 dudum
1027 1712 1188 1752 fortuna
1219 1710 1378 1751 labores

306 1773 488 1823 principe
521 1772 594 1811 sub
627 1785 752 1824 puero
786 1772 928 1813 laceris
961 1777 1066 1812 terat
1097 1784 1239 1824 aspera
1270 1769 1406 1823 rebus,

307 1832 388 1870 fors
415 1831 590 1885 longum,
622 1832 700 1872 dux
727 1845 882 1887 magne,
915 1835 1042 1887 queri,
1069 1845 1161 1873 cum
1187 1832 1336 1884 quippe
1357 1829 1564 1870 dolentum

212 1899 281 1932 535
308 1893 479 1931 maxima
511 1905 603 1943 pars
635 1893 771 1946 fueris,
803 1895 955 1945 patriae
989 1893 1084 1933 dum
1115 1892 1280 1933 vulnera
1313 1890 1455 1943 lugens

309 1951 647 1991 sollicitudinibus
679 1953 983 1994 vehementibus
1017 1954 1244 2006 exagitaris.

308 2012 379 2051 has
411 2011 527 2051 nohis
559 2014 666 2052 inter
698 2012 831 2053 clades
864 2027 908 2053 ac
941 2014 1082 2054 funera
1114 2013 1255 2054 mundi

310 2084 418 2111 mors
450 2073 597 2111 vixisse
630 2073 715 2112 fuit.
780 2074 848 2113 sed
883 2074 977 2114 dum
1009 2087 1082 2127 per
1113 2073 1235 2114 verba
1267 2076 1479 2125 parentum

310 2133 472 2184 ignavas
506 2132 673 2172 colimus
706 2133 815 2185 leges
849 2140 1110 2187 sanctumque
1144 2138 1332 2187 putamus

288 2287 357 2320 507
385 2283 528 2319 crimen
552 2283 693 2320 veteris
722 2285 756 2320 T
784 2286 796 2331 ss
828 2288 896 2320 512
924 2285 1060 2332 arripis
1085 2287 1137 2322 M
1162 2288 1174 2333 ΙΙ
1206 2288 1276 2322 515
1302 2286 1369 2320 tuo
1395 2295 1463 2321 om.
1492 2283 1527 2320 Τ
1562 2283 1566 2331 l

190 2333 264 2416 ξος,
289 2333 428 2428 cmg?
454 2333 466 2378 ΙΙ
498 2335 565 2368 521
595 2332 696 2378 quod
722 2344 805 2380 e90;
832 2333 925 2379 quid
949 2335 1053 2371 codd.
1078 2334 1083 2383 Ι
1106 2347 1158 2371 an
1181 2334 1359 2379 iamque?
1385 2334 1398 2380 ΙΙ
1424 2335 1492 2369 527
1519 2343 1571 2368 an

222 2392 355 2426 yrenes
