1592 2612
164 113 252 157 252
713 108 916 147 CARMEN
944 107 990 145 11.

289 225 535 266 gemmarum
565 212 696 251 varios
728 210 879 264 perdit,
912 211 1003 262 quia
1035 208 1234 263 possidet,
1265 209 1392 261 ignes.

287 273 477 314 fundebat
508 284 621 312 coma
651 284 754 325 pexa
785 282 925 311 crocos
958 269 1142 322 flexoque
1174 268 1324 309 lacerto

191 342 262 376 425
288 333 395 374 lutea
427 333 643 385 depressus
677 331 859 371 comebat
891 335 1073 383 tempora
1105 334 1263 383 pecten.

288 393 507 434 fundebant
538 391 645 432 oculi
676 391 831 446 radios3
865 390 974 432 color
1005 392 1148 443 igneus
1180 389 1280 444 illis,

288 466 369 494 non
400 458 534 493 tamen
567 452 687 493 ardor
719 457 822 505 erat,
855 452 1036 504 quamvis
1069 451 1117 491 de
1150 454 1268 491 nocte
1301 462 1466 491 recussa

288 515 444 566 excepti
477 513 631 553 soleant
663 513 851 552 sudorem
883 513 1034 564 fingere
1068 523 1193 552 rores.

289 579 452 627 pectora
483 573 547 613 bis
581 574 747 625 cingunt
777 585 919 627 zonae,
952 573 1167 625 parvisque
1199 569 1358 624 papillis

191 642 261 674 430
288 634 478 675 invidiam
509 634 604 674 facit
635 635 723 687 ipse
758 635 892 687 sinus3
924 645 1018 686 pars
1050 634 1199 672 extima
1230 631 1340 685 pepli

288 695 441 747 perfert
475 696 667 747 puniceas
700 694 749 733 ad
782 706 900 734 crura
932 693 1118 733 rubentia
1150 704 1282 745 rugas.

290 756 348 794 sic
380 756 518 806 regina
552 754 664 794 sedet
697 754 815 808 solio;
849 755 1001 807 sceptri
1032 755 1119 794 vice
1153 753 1335 793 dextram

289 815 483 867 lampadis
515 815 627 855 hasta
661 814 807 869 replet3
839 814 927 854 Nox
959 814 1089 854 adstat
1120 814 1302 867 proxima
1334 812 1467 867 divae,

290 876 369 915 iam
401 875 563 927 refugos
596 888 787 915 conversa
818 875 962 929 pedes,
998 887 1044 915 ac
1075 887 1180 928 pone
1212 872 1391 914 tribunal

192 942 263 975 435
289 937 437 988 promit
468 934 554 975 Lux
587 948 788 975 summum
820 937 886 975 vix
918 934 1121 975 intellecta
1154 946 1358 975 cacumen.

288 995 382 1035 hinc
413 995 579 1035 Romam
611 996 763 1048 liquido
796 998 1026 1036 venientem
1057 997 1218 1035 tramite
1251 1006 1423 1035 cernens

291 1055 433 1095 exiluit
463 1068 634 1109 propere
668 1062 708 1096 et
739 1056 897 1096 blandis
929 1058 1042 1109 prior
1075 1068 1165 1096 orsa
1198 1054 1388 1108 loquelis:

290 1113 420 1170 ‘quid,
453 1122 572 1169 caput
605 1129 627 1155 o
659 1114 832 1170 mundi,'
867 1117 985 1171 dixit,
1018 1113 1123 1156 ‘mea
1154 1128 1278 1168 regna
1309 1112 1487 1156 revisis?

291 1176 435 1228 quidve
456 1173 624 1216 iubes‘R’
655 1177 819 1230 paulum
839 1177 905 1217 illa
926 1177 1050 1217 silens
1071 1182 1190 1229 atque
1211 1188 1352 1229 aspera
1371 1176 1548 1216 miscens

195 1243 265 1276 440
291 1236 458 1276 mitibus
489 1237 587 1276 haec
621 1240 769 1290 coepit:
809 1236 940 1278 ‘venio
974 1233 1145 1293 (desiste
1176 1237 1330 1276 moveri

290 1309 364 1336 nec
397 1296 566 1337 multum
598 1294 796 1354 trepida),
828 1311 909 1338 non
942 1303 987 1338 ut
1018 1298 1117 1337 mihi
1149 1309 1317 1350 pressus
1348 1296 1499 1336 Araxes

289 1357 477 1409 imposito
512 1357 585 1397 sub
617 1363 738 1410 ponte
771 1359 869 1399 fluat
900 1371 975 1399 nec
1007 1363 1052 1399 ut
1089 1358 1229 1398 ordine
1260 1358 1396 1411 prisco

292 1415 452 1457 Indicus
484 1417 658 1458 Ausonia
690 1424 853 1471 potetur
885 1419 1040 1459 casside
1073 1418 1249 1472 Ganges,

290 1482 357 1516 aut
389 1482 433 1517 ut
464 1478 636 1530 tigriferi
668 1479 897 1531 pharetrata
929 1492 1002 1532 per
1034 1492 1126 1519 arva
1158 1477 1343 1531 Niphatis

195 1544 265 1576 445
293 1537 557 1590 depopuletur
590 1551 710 1579 ovans
742 1539 929 1580 Artaxata
955 1539 1098 1593 Caspia
1131 1538 1282 1579 consul.

293 1609 373 1637 non
404 1597 497 1638 Pori
529 1599 648 1638 modo
682 1612 803 1652 regna
835 1613 981 1653 precor
1012 1612 1087 1640 nec
1119 1604 1164 1640 ut
1194 1599 1306 1639 hisce
1338 1597 1499 1638 lacertis

292 1658 447 1710 frangat
478 1658 709 1712 Hydaspeas
742 1662 846 1700 aries
879 1662 1063 1714 inpactus
1095 1659 1300 1714 Erythras.

292 1729 374 1757 non
406 1719 447 1757 in
479 1718 621 1759 Bactra
653 1720 761 1759 feror
793 1733 868 1761 nec
901 1722 1192 1761 committentia
1224 1731 1379 1772 pugnas

292 1782 430 1818 nostra
463 1779 721 1820 Semiramiae
755 1781 889 1821 rident
920 1781 969 1821 ad
1003 1781 1169 1821 classica
1200 1785 1351 1834 portae.

196 1845 266 1878 450
292 1838 474 1878 Arsacias
506 1851 587 1879 non
621 1852 769 1892 quaero
802 1841 944 1881 domus
976 1854 1052 1882 nec
1083 1846 1239 1882 tessera
1271 1841 1415 1880 castris

292 1899 334 1937 in
361 1897 621 1951 Ctesiphonta
647 1900 775 1940 datur.
814 1906 943 1941 totum
963 1902 1070 1942 hunc
1095 1901 1171 1942 tihi
1192 1902 1388 1942 cessimus
1414 1911 1547 1940 axem:

294 1962 333 1997 et
365 1970 440 1998 nec
472 1961 530 1999 sic
562 1972 739 2014 mereor,
772 1966 950 2001 nostram
982 1968 1028 2002 ut
1058 1967 1198 2002 tueare
1231 1957 1464 2001 senectam?

294 2030 429 2072 omne,
463 2019 568 2071 quod
600 2019 831 2072 Euphraten
866 2022 1099 2075 Tigrimque
1132 2023 1361 2075 interiacet,
1392 2020 1488 2060 olim

294 2078 376 2117 sola
407 2083 540 2119 tenes:
573 2092 638 2119 res
671 2085 804 2133 empta
836 2082 935 2121 mihi
967 2087 1028 2122 est
1061 2083 1109 2122 de
1144 2083 1336 2134 sanguine
1370 2080 1519 2135 Crassi,

196 2145 266 2178 455
294 2137 342 2178 ad
376 2137 545 2179 Carrhas
577 2142 752 2192 pretium
786 2143 947 2196 scripsi3
980 2155 1054 2183 nec
1086 2142 1214 2183 inulta
1245 2142 1423 2182 remansi

270 2293 340 2325 446
367 2288 456 2326 Pori
487 2290 694 2338 Sirmond.;
724 2292 836 2339 pha-ri
865 2293 983 2339 0PT,
1016 2294 1144 2340 pharii
1176 2294 1218 2330 F
1246 2295 1259 2340 ΙΙ
1289 2297 1359 2329 449
1387 2292 1552 2328 strident

171 2338 282 2423 ἴξῐρὸο
300 2339 313 2384 ΙΙ
332 2340 400 2423 4ἓέ
422 2337 659 2433 Ιῖὺίεἰρῇοῃὺει
681 2340 719 2386 0,
738 2339 916 2377 tisifonta
936 2342 1021 2389 PT,
1041 2342 1228 2380 tesifonta
1250 2342 1307 2387 Ε,-
1332 2342 1379 2387 cf.
1399 2353 1453 2389 ep.
1473 2340 1552 2387 IX,

222 2414 235 2433 ,
301 2399 333 2423 v.
