1592 2612
68 494 74 500 '
96 497 114 523 5

80 797 114 822 10

132 144 218 187 218
282 166 285 169 .
635 139 781 175 LIBER
805 137 985 191 NONUS.

133 256 322 285 errorem.
356 242 393 283 2.
426 254 518 282 nam
549 253 640 281 cum
671 240 771 280 mihi
796 241 906 291 rigor
931 249 1126 278 censurae
1157 241 1249 276 tuae
1275 236 1318 276 in
1349 234 1499 277 litteris

133 317 257 357 aeque
297 308 341 343 ut
378 301 478 356 <in>
515 301 696 341 moribus
735 302 786 340 sit
829 298 1078 339 ambifariam
1117 295 1501 350 contremiscendus,

132 365 258 404 fateor
288 368 420 403 tamen
452 364 493 401 in
525 361 738 401 voluminis
770 361 898 412 ipsius
931 359 1145 410 operisque
1177 360 1360 397 reseratu
1390 355 1501 396 illam

132 424 230 464 mihi
256 424 379 463 fuisse
410 422 500 475 plus
533 422 647 461 oneri
685 432 803 473 quam
841 418 1104 472 praetenditis
1149 417 1367 457 caritatem.
1423 428 1499 456 nec

134 486 231 524 citra
264 485 412 522 iustum
443 484 520 522 ista
558 482 731 534 conicio,
770 477 1090 532 quandoquidem
1128 476 1357 517 mort'alium
1388 488 1529 530 men-⁴

132 543 239 583 tibus
270 544 328 582 vis
360 543 457 582 haec
489 541 727 581 naturalitus
754 542 872 593 inest,
897 544 954 592 ut,
987 540 1021 578 si
1054 537 1150 590 quid
1181 549 1394 590 perperam
1419 536 1501 590 fiat,

131 605 264 643 minus
295 602 528 654 indulgeant
558 594 648 654 plus
679 602 808 641 amici.
859 598 898 640 3.
932 600 1174 651 scripseram
1204 596 1372 650 librum,
1397 597 1502 637 sicut

131 664 416 716 pronuntiatis,
453 661 616 714 plenum
655 665 923 712 onustumque
960 659 1071 699 vario
1105 669 1316 698 causarum
1346 661 1502 709 tempo·
1563 691 1565 693 .

132 736 221 763 rum
251 734 594 775 personarumque
633 725 842 773 congestu:
881 720 1060 760 facturus
1098 730 1186 758 rem
1225 716 1390 758 videbar
1426 718 1501 757 im-

132 783 484 836 pudentissimam,
535 783 570 821 si
616 786 771 821 tantum
815 780 915 820 mihi
959 783 1104 819 cuncta
1146 778 1409 831 placuissent,
1457 781 1504 817 ut

131 843 237 883 nulla
262 843 338 882 tibi
364 841 612 895 displicitura
638 841 898 894 confiderem3
923 840 1003 880 huc
1024 841 1133 893 item,
1154 839 1338 891 quisquis
1361 837 1503 878 iudicii

132 908 297 943 eventus
329 903 452 956 foret,
489 902 570 941 vidi
610 901 791 955 partibus
835 902 1230 952 meis.,nequaquam
1260 898 1421 951 pietatis
1453 909 1503 937 ex

91 997 94 1002 .
133 963 257 1003 solido
291 967 471 1002 constare
503 964 717 1015 rationem,
760 963 794 1001 si
831 973 912 1001 non
944 960 1078 1000 saltim
1107 958 1220 998 vobis
1253 962 1362 998 esset
1393 962 1503 998 ante-

80 1095 114 1121 15

79 1395 115 1420 20

60 1686 118 1720 '25

82 1994 119 2020 30

132 1025 216 1063 rius
249 1023 409 1063 allatum
434 1022 631 1076 volumen,
658 1023 733 1062 etsi
759 1034 840 1061 non
865 1021 1070 1060 videretur
1097 1019 1291 1073 oblatum,
1324 1017 1399 1058 sub
1424 1017 1502 1058 hoc

134 1083 286 1123 scilicet
325 1087 658 1136 temperamentO,
695 1086 757 1135 ut,
802 1083 837 1121 si
874 1082 976 1121 forte
1014 1079 1274 1133 placuissem,
1311 1071 1393 1118 non
1431 1090 1502 1118 vos

133 1144 356 1195 arrogantia
387 1144 640 1196 praeterisse,
673 1144 708 1182 si
739 1154 868 1196 secus,
899 1153 981 1181 non
1012 1153 1082 1180 vos
1113 1138 1350 1192 improbitas
1383 1151 1502 1191 expe-

133 1204 230 1243 tisse
263 1203 518 1243 iudicaretur.
582 1200 621 1242 4.
666 1215 740 1242 nec
779 1214 891 1258 sane·
912 1200 1038 1241 multo
1077 1199 1213 1240 labore
1250 1211 1315 1239 me
1347 1197 1504 1239 credidi

133 1263 438 1315 deprecaturum
488 1264 629 1302 vitatas
681 1275 820 1302 causas
865 1260 1144 1302 erubescendi.
1207 1261 1359 1312 pariter
1404 1257 1504 1298 illud

133 1335 251 1362 nosse
296 1335 365 1362 vos
409 1335 614 1376 noveram,
659 1323 765 1375 quod
806 1327 991 1362 auctores
1029 1322 1072 1361 in
1105 1319 1296 1373 operibus
1335 1317 1502 1359 edendis

134 1382 263 1435 pudor
282 1384 415 1435 potius
436 1395 554 1435 quam
581 1384 803 1422 constantia
829 1382 945 1422 decet
965 1381 1152 1434 quodque
1177 1380 1336 1420 tetricis
1355 1383 1503 1432 puncta

136 1443 369 1483 censoribus
407 1443 559 1482 tardius
603 1444 827 1495 procacitas
869 1442 1098 1482 recitatoris
1137 1452 1257 1493 quam
1287 1439 1503 1493 trepidatio

135 1502 305 1542 excudit.
339 1502 533 1556 alioquin,
573 1504 607 1542 si
640 1504 729 1555 quis
762 1507 823 1543 est
855 1502 921 1542 ille
956 1503 1026 1554 qui
1058 1513 1150 1542 cum
1182 1500 1352 1540 fiduciae
1384 1511 1500 1552 prae-

135 1564 309 1614 rogativa
347 1562 533 1602 thematis
573 1569 663 1603 ante
702 1563 871 1602 inauditi
910 1574 1074 1615 operam
1105 1559 1330 1614 pervulgat,
1362 1560 1506 1612 incipit

136 1624 400 1674 expectationi
426 1622 620 1676 publicae,
653 1624 832 1675 quamvis
866 1622 1030 1662 solverit
1060 1621 1197 1675 multa,
1222 1619 1339 1673 plura
1370 1618 1504 1659 redhi-

137 1681 244 1721 bere.
295 1687 500 1734 praeterea
535 1683 722 1735 quicquid
770 1695 891 1735 super
934 1682 1102 1722 huiusce
1140 1681 1328 1732 rescripti
1364 1684 1505 1719 tenore

132 1743 362 1794 censueris,
402 1742 524 1782 malui
556 1743 703 1782 factum
737 1743 920 1782 confiteri
953 1741 1190 1795 simpliciter
1223 1752 1342 1793 quam
1372 1738 1504 1779 treba-

137 1802 237 1841 citer
269 1802 442 1841 diffiteri.
505 1800 544 1842 5.
590 1803 757 1842 dixisset
789 1802 908 1842 alius:
954 1799 1173 1842 eneminem
1208 1799 1285 1840 tibi
1321 1798 1506 1852 praetuli,

136 1860 266 1901 nullas
299 1862 346 1901 ad
378 1861 503 1901 ullum
535 1862 760 1914 peculiares
791 1862 944 1902 litteras
971 1861 1075 1902 dedi.
1139 1873 1259 1913 quem
1284 1858 1507 1913 praelatum

139 1921 412 1975 suspicabare,
456 1923 576 1961 unius
621 1921 813 1974 epistulae
858 1923 985 1962 forma
1035 1925 1249 1962 contentus
1299 1919 1507 1973 abscessit,

138 1986 255 2033 atque
289 1994 334 2021 ea
366 1981 528 2033 quidem
560 1982 660 2021 nihil
692 1994 813 2034 super
844 1983 1047 2034 praesenti
1085 1982 1245 2033 negotio
1279 1979 1520 2030 deferentez,

137 2045 193 2095 tu,
226 2043 295 2093 qui
326 2046 366 2081 te
399 2043 581 2094 quereris
615 2043 826 2095 omissum,
858 2042 987 2082 tribus
1020 2041 1315 2094 loquacissimis
1346 2040 1504 2093 paginis

235 2172 255 2203 2
281 2167 322 2204 in
347 2169 433 2205 add.
460 2169 572 2204 editio
597 2169 742 2214 Bareti,
767 2180 834 2204 om.
860 2170 962 2206 codd.
995 2171 1007 2215 11
1039 2174 1061 2205 4
1088 2168 1194 2205 oneri
1217 2168 1347 2214 vulgo,
1380 2165 1507 2203 oneris

138 2217 239 2253 codd.
260 2218 272 2262 ΙΙ
293 2222 312 2252 6
339 2216 410 2252 hoc
434 2215 660 2251 naturaliter
680 2216 731 2262 0,
763 2216 991 2252 naturaliter
1018 2219 1099 2262 (om.
1127 2217 1235 2260 haec)
1263 2215 1304 2251 F
1317 2217 1330 2262 ΙΙ
1352 2219 1395 2251 12
1420 2225 1506 2260 par-

137 2263 240 2300 tibus
266 2265 308 2300 in
332 2276 406 2301 ras.
427 2264 477 2299 M
482 2265 503 2310 ¹,
529 2263 703 2309 patribus
733 2263 764 2300 O
784 2266 796 2309 ΙΙ
825 2269 867 2299 14
894 2265 1054 2300 allatum
1079 2277 1147 2302 om.
1171 2264 1203 2301 Ο
1215 2266 1228 2310 ΙΙ
1257 2268 1299 2299 15
1325 2261 1508 2299 videlicet

104 2343 107 2346 Δ
141 2312 172 2348 Ο
198 2314 210 2358 ΙΙ
244 2316 287 2347 16
315 2311 346 2347 si
374 2323 480 2347 secus
507 2312 598 2357 PF,
634 2311 665 2347 si
698 2311 818 2348 secius
845 2324 937 2349 corr.
964 2314 1006 2349 in
1039 2313 1071 2347 si
1105 2324 1212 2349 secus
1238 2312 1313 2358 Ml,
1346 2310 1420 2346 sise
1452 2309 1508 2346 c'*

140 2363 178 2405 (1
212 2361 281 2397 litt.
307 2371 398 2397 eras.
430 2360 532 2405 0²)(J
566 2361 577 2406 ΙΙ
615 2364 660 2396 23
688 2371 803 2406 opera
827 2360 1067 2406 LuetJ'oharm
1106 2364 1111 2407 Ι
1151 2359 1356 2407 provulgat
1383 2358 1459 2395 OF
1493 2359 1507 2404 ΙΙ

139 2411 185 2444 25
211 2407 344 2454 scripti
371 2408 470 2455 GPn
489 2412 535 2443 30
561 2408 770 2444 disserente
800 2408 830 2444 O
844 2409 856 2454 ΙΙ
