1592 2612
579 124 787 162 CARMEN
811 124 945 162 XXIV.
1365 121 1454 165 353

289 231 464 271 coniunx
494 227 714 282 Papianilla
746 240 867 280 quem
898 226 1045 280 pudico

289 303 406 332 curas
437 291 684 343 participans
715 289 824 328 iuvat
854 286 1004 341 labore,

291 350 420 405 qualis
451 363 528 391 nec
559 348 755 402 Tanaquil
786 349 862 388 fuit
892 360 968 388 nec
999 346 1079 400 illa,

217 419 265 452 40
292 424 412 465 quam
443 415 500 465 tu,
532 410 784 464 Tricipitine,
815 409 1052 462 procreasti,

291 471 421 526 qualis
451 484 528 511 nec
559 470 754 524 Phrygiae
786 469 916 510 dicata
946 468 1089 508 Vestae

292 545 393 586 quae
426 536 565 572 contra
598 532 696 571 satis
725 530 908 571 Albulam
939 533 1163 569 tumentem

293 593 407 634 duxit
437 594 618 645 virgineo
651 596 779 631 ratem
811 590 967 644 capillo.

290 654 387 694 hinc
417 658 457 693 te
489 653 675 706 Laesora,
707 651 914 692 Caucason
946 648 1184 703 Scytharum

218 722 266 754 45
291 715 470 768 vincens,
502 714 671 766 aspiciet
703 714 889 764 citusque
921 711 1078 763 Tarnis,

292 775 481 815 limosum
513 778 554 814 et
586 773 713 814 solido
747 784 889 825 sapore
920 782 1109 824 pressum

291 837 445 888 piscem
477 835 691 888 perspicua
723 845 868 886 gerens
900 834 943 872 in
974 830 1092 872 unda.

291 896 357 936 hic
390 895 477 935 Zeti
509 900 550 935 et
581 894 710 935 Calais
742 893 818 934 tibi
849 892 949 933 adde
981 903 1135 945 pennas

291 955 601 1008 nimbosumque
634 957 772 1008 iugum
805 954 924 1007 fugax
957 957 1112 1006 cavet03

219 1024 267 1057 50
293 1029 465 1070 namque
498 1021 560 1056 est
591 1015 776 1056 assiduae
809 1014 920 1054 ferax
952 1012 1171 1067 procellae3

295 1077 367 1117 sed
400 1077 582 1130 quamvis
615 1075 755 1129 rapido
788 1075 919 1115 ferare
951 1086 1087 1128 cursu,

292 1137 443 1178 lassum
474 1143 514 1177 te
546 1136 795 1189 Vorocingus
828 1133 1038 1175 obtinebit.

292 1202 478 1238 nostrum
510 1197 576 1237 hic
608 1198 791 1237 invenies
823 1195 1107 1249 Apollinarem,

294 1270 367 1298 seu
398 1263 538 1298 contra
569 1257 700 1298 rabidi
731 1256 879 1297 Leonis
912 1260 1046 1296 aestus

221 1325 268 1359 55
293 1320 415 1358 vestit
447 1318 596 1371 frigore
629 1329 876 1357 marmorum
908 1320 1087 1369 penates,

296 1380 379 1418 sive
410 1378 540 1418 hortis
574 1380 769 1431 spatiatur
800 1379 843 1417 in
875 1378 1064 1430 repostis,

297 1438 434 1491 quales
465 1437 663 1478 mellifera
694 1439 826 1477 virent
858 1439 900 1477 in
932 1436 1070 1489 Hybla,

297 1498 435 1551 quales
468 1498 681 1551 Corycium
714 1509 852 1538 senem
885 1497 1051 1537 beantes

297 1558 478 1599 fuscabat
509 1560 614 1611 picei
646 1558 750 1598 latex
783 1557 958 1611 Galaesi3

223 1627 271 1660 60
298 1621 380 1659 sive
413 1621 520 1659 inter
551 1618 688 1672 violas,
719 1619 912 1671 thymum,
943 1617 1171 1671 ligustrum,

299 1679 530 1733 serpyllum,
562 1680 722 1732 casiam,
755 1691 918 1719 crocum
951 1682 1071 1730 atque
1104 1676 1259 1731 caltam,

299 1741 503 1780 narcissos
536 1739 898 1792 hyacinthinosque
930 1738 1051 1778 ssores

300 1802 467 1854 spernit,
499 1812 619 1852 quam
650 1801 772 1853 pretii
803 1800 952 1852 petitor
983 1797 1107 1850 ampli

299 1860 479 1913 glaebam
510 1860 655 1900 turifer
687 1859 848 1900 advehit
880 1858 1074 1911 Sabaeus;

228 1930 274 1962 65
302 1933 375 1961 seu
407 1921 499 1960 ficto
532 1922 666 1973 potius
699 1932 822 1973 specu
855 1920 1028 1972 quiescit

301 1981 413 2021 collis
444 1982 637 2034 margine,
670 1994 747 2034 qua
779 1992 922 2020 nemus
954 1979 1150 2020 reflexum

301 2043 474 2081 nativam
507 2041 602 2081 dare
634 2042 834 2094 porticum
867 2039 1052 2080 laborans

301 2114 381 2141 non
413 2101 548 2141 lucum
580 2101 792 2141 arboribus
825 2101 930 2154 facit,
963 2100 1031 2140 sed
1066 2104 1236 2140 antrum.

302 2163 393 2214 quis
425 2163 603 2214 pomaria
635 2163 767 2214 prisca
800 2163 908 2213 regis
940 2160 1028 2200 Indi

232 2231 275 2263 70
301 2223 365 2262 hic
398 2235 505 2262 nunc
537 2227 742 2275 comparet
773 2234 994 2273 aureasque
1028 2222 1130 2260 vites

83 2410 111 2446 fl
184 2367 231 2447 fii}
249 2362 482 2457 nvorocingus
506 2362 543 2408 G,
570 2361 797 2409 voraeingus
818 2363 903 2408 PT,
928 2360 1156 2408 veracingus
1183 2361 1224 2398 F
1240 2363 1253 2408 ΙΙ
1273 2364 1318 2398 57
1345 2361 1466 2397 melli-

112 2422 162 2447 ua
1329 2419 1331 2422 ’

160 2478 393 2506 AponnmAms
413 2478 460 2505 ed.
481 2478 596 2505 Mohr.
1203 2474 1249 2507 23
