1592 2612
335 110 564 150 SIDONIUS
589 110 804 148 PASTORI
829 109 924 148 SUO
951 109 1196 148 SALUTEM.
1376 108 1465 152 125

66 217 196 257 υτίιοι·
226 213 513 257 contumeliam
545 213 750 267 emendat3
783 214 855 266 qui
885 214 968 254 tuis
994 213 1098 252 votis
1124 216 1245 265 atque
1271 212 1463 252 amicitiis

68 276 148 318 hoe
185 275 425 330 adquiesco,
462 276 499 315 si
535 274 642 315 laxat
673 273 840 314 libertas
879 275 1090 327 maritum,
1127 285 1179 313 ne
1212 273 1465 325 constringat

70 349 205 391 poena
235 341 452 390 raptorem.
503 334 603 375 vale.

720 464 816 508 XX.

333 547 566 586 SIDONIUS
591 547 804 585 PASTORI
831 547 925 585 SUO
937 595 939 597 Ι
953 547 1197 585 SALUTEM.

167 625 207 668 1.
239 626 356 675 Quod
387 626 454 667 die
486 626 678 667 hesterno
710 627 901 666 tractatui
927 627 1102 666 civitatis
1128 627 1172 665 in
1198 624 1370 666 concilio
1397 624 1466 665 de·
1504 635 1521 661 5

74 689 203 742 fuisti,
234 700 284 728 ex
310 686 511 728 industria
536 687 687 728 factum
711 699 807 740 pars
833 686 978 727 melior
1004 687 1173 741 accepit,
1204 698 1307 739 quae
1333 686 1467 739 suspi-

75 754 166 790 cata
202 754 267 789 est
297 747 340 788 id
376 753 417 788 te
450 760 611 802 cavere,
648 760 700 788 ne
731 749 814 787 tuis
846 749 1000 788 umeris
1033 759 1136 787 onus
1169 747 1327 787 futurae
1359 745 1467 799 lega-

75 810 203 850 tionis
234 810 526 862 imponeretur.
567 807 748 861 gratulor
772 807 861 862 tibi,
894 808 1002 861 quod
1027 809 1118 847 istis
1144 807 1327 848 moribus
1352 808 1468 860 vivis,

75 875 122 911 ut
152 881 322 910 necesse
354 868 504 910 habeas
536 868 777 909 electionem
805 870 867 910 tui
891 870 1056 922 timere;
1087 868 1206 909 laudo
1233 868 1468 921 efficaciam,

76 931 258 984 suspicio
302 929 578 984 prudentiam,
628 942 855 983 prosequor
905 929 1023 970 laude
1068 928 1321 982 felicitatem3
1373 933 1467 981 opto
1489 939 1524 966 ιο

75 991 254 1043 denique
287 989 471 1043 aequalia
502 990 580 1044 his,
613 1003 715 1043 quos
747 989 971 1043 aequaliter
1003 1002 1104 1030 amo.
1163 988 1202 1030 2.
1236 988 1353 1030 multi
1388 989 1467 1029 fre-

76 1056 262 1105 quenter,
294 1063 395 1104 quos
425 1050 666 1091 execrabilis
691 1051 942 1105 popularitas
968 1052 1062 1104 agit,
1094 1052 1244 1091 civium
1270 1051 1467 1090 maximos

74 1124 200 1152 manu
236 1116 432 1165 prensant
473 1111 605 1164 deque
643 1123 840 1153 consessu
875 1110 1039 1165 publico
1078 1110 1284 1152 abducunt
1321 1123 1366 1151 ac
1406 1123 1468 1150 se-

77 1173 298 1226 questratis
337 1171 475 1213 oscula
506 1174 756 1227 impingunt,
793 1184 959 1226 operam
992 1184 1107 1212 suam
1139 1172 1358 1226 spondent,
1397 1171 1469 1212 sed

75 1245 159 1275 non
195 1233 341 1287 petiti37
375 1238 501 1286 utque
539 1233 753 1274 videantur
789 1235 832 1273 in
873 1234 1027 1285 negotii
1065 1234 1292 1273 communis
1338 1245 1468 1272 asser·
1490 1242 1524 1269 15

75 1295 231 1334 tionem
256 1292 396 1348 legari,
421 1295 673 1334 evectionem
699 1294 921 1334 refundunt
939 1295 1133 1347 ipsosque
1154 1298 1340 1347 sumptus
1361 1293 1468 1333 ultro

78 1358 270 1394 recusant
308 1359 348 1394 et
388 1353 437 1394 ab
477 1354 631 1395 ambitu
669 1354 772 1395 clam
803 1360 947 1407 rogant
985 1354 1187 1408 singulos,
1225 1359 1271 1395 ut
1302 1353 1351 1394 ab
1385 1366 1468 1393 om-

78 1413 199 1454 nibus
231 1413 363 1467 palam
395 1419 600 1467 rogentur.
658 1413 696 1455 3.
731 1416 790 1455 sic
823 1427 1003 1468 quoque,
1041 1427 1134 1455 cum
1165 1415 1346 1467 fatigatio
1380 1427 1468 1467 gra-

76 1475 180 1515 tuita
217 1475 347 1528 possit
384 1473 559 1515 libenter
596 1475 772 1529 admitti,
809 1475 1003 1515 libentius
1041 1480 1177 1515 tamen
1209 1480 1330 1528 atque
1362 1487 1468 1515 ama-

75 1534 202 1575 bilius
246 1534 465 1575 verecundi
510 1535 717 1589 leguntur,
767 1535 890 1588 idque
935 1547 1028 1575 eum
1073 1548 1267 1588 expensa:
1311 1540 1469 1575 tantum
1488 1545 1524 1571 20

77 1595 329 1649 impudentia
367 1607 458 1635 sese
496 1597 754 1648 ingerentum
800 1595 993 1648 ponderis
1032 1595 1171 1650 habet,
1209 1597 1332 1636 etiam
1370 1596 1470 1636 fasci

77 1668 171 1697 cum
207 1655 422 1696 tributario
460 1657 623 1696 nomine
668 1658 851 1709 ipsorum
890 1654 948 1695 nil
988 1656 1306 1708 superfunditur.
1376 1669 1469 1709 pro-

3 1769 6 1771 >
82 1716 178 1757 inde
216 1728 459 1769 quamquam
497 1729 579 1757 non
618 1722 658 1757 te
697 1716 858 1770 fefellit,
897 1715 994 1769 quid
1029 1715 1126 1756 boni
1159 1718 1309 1769 quique
1342 1716 1469 1757 medi-

81 1782 277 1831 tarentur,
308 1776 434 1817 redde
465 1782 505 1817 te
539 1782 675 1817 tamen
707 1778 1030 1830 exspectantium
1061 1778 1165 1817 votis
1191 1782 1469 1830 expetentum-

6 1875 8 1877 .
80 1850 160 1890 que
198 1839 408 1878 caritatem
445 1837 591 1892 proba,
636 1839 706 1891 qui
743 1839 823 1878 iam
861 1836 1043 1890 probasti
1080 1837 1289 1890 pudorem.
1362 1837 1469 1890 quod
1490 1846 1525 1873 25

80 1897 247 1938 defuisti
283 1899 479 1952 primum,
516 1898 737 1939 modestiae
775 1897 1038 1951 adscribitur3
1083 1898 1132 1938 ad
1170 1899 1367 1951 ignaviam
1407 1910 1470 1938 re-

81 1959 203 2012 spicit
247 1958 426 1999 seeunda
471 1958 620 1999 dilatio.
683 1958 723 2000 4.
763 1963 973 2011 praeterea
1017 1958 1094 1998 tibi
1130 1958 1332 1999 Arelatem
1377 1971 1470 2011 pro-

0 2028 9 2073 'ss
82 2018 237 2059 lecturo
282 2023 344 2059 est
387 2018 631 2060 venerabilis
672 2021 715 2059 in
752 2020 898 2059 itinere
938 2024 1067 2059 mater
1105 2019 1250 2059 fratres
1290 2024 1470 2059 amantes

82 2078 408 2133 redamantisque
452 2081 606 2133 patriae
652 2079 800 2134 solum,
845 2079 893 2119 ad
934 2079 1040 2132 quod
1080 2085 1120 2119 et
1157 2085 1318 2132 praeter
1357 2091 1470 2119 occa-

6 2238 9 2245 ,
81 2208 227 2244 nonin
253 2207 385 2254 GPF,
423 2209 509 2245 add.
535 2219 563 2245 s.
592 2209 615 2245 l.
642 2207 832 2245 N¹M¹T²
874 2210 887 2254 u
934 2211 977 2244 13
1004 2218 1102 2255 eque
1130 2207 1176 2252 C,
1215 2217 1312 2253 eque
1339 2207 1429 2243 MT
1458 2208 1471 2256 ΙΙ

86 2259 130 2291 15
156 2255 410 2293 assertionem
435 2257 689 2303 LuetJ'ohawn,
715 2255 926 2292 assertione
952 2258 1055 2293 codd.
1076 2258 1089 2301 ΙΙ
1110 2259 1154 2292 18
1176 2260 1263 2302 post
1287 2255 1470 2302 fatigatio

81 2313 112 2340 8.
137 2303 161 2340 l.
185 2303 342 2341 illorum
372 2310 416 2342 ut
445 2306 521 2342 vid.
549 2306 636 2342 add.
669 2306 794 2341 M¹T=
830 2307 842 2352 11
884 2308 927 2340 19
955 2303 1175 2350 amabilius]
1209 2316 1262 2341 cm
1294 2304 1470 2341 avidius?

83 2350 343 2399 Luetjohann,
379 2354 526 2396 frustra
561 2356 574 2400 11
612 2357 656 2390 21
683 2353 781 2389 fasci
814 2364 898 2389 cum
926 2353 1014 2388 LN
1024 2353 1111 2397 VT,
1150 2352 1312 2388 fascium
1339 2353 1426 2391 Mo
1457 2355 1469 2401 μ

84 2402 131 2435 23
156 2402 249 2449 non]
274 2401 331 2437 nil
358 2402 393 2438 T
409 2405 421 2450 ΙΙ
440 2406 486 2439 27
514 2402 699 2438 arelatem
725 2402 770 2438 N
780 2402 869 2439 VM
876 2402 907 2438 C
915 2402 954 2446 T,
983 2400 1127 2436 arelate
1153 2401 1190 2437 L
1209 2403 1221 2448 ΙΙ
