1592 2612
339 139 572 178 SIDONIUS
596 139 802 177 ERIPHIO
830 139 926 177 SUO
952 133 1196 178 SALUTEM.
1377 138 1466 185 123

73 242 234 285 cideret
261 243 467 283 tramitem
498 254 575 282 nec
606 247 779 296 caveret,
810 242 891 283 huc
921 254 997 295 per
1022 242 1321 295 catastropham
1346 254 1466 295 saepe

74 309 271 359 pronatus
308 315 429 356 aegre
466 302 517 343 de
555 303 724 343 ruinoso
761 303 871 343 flexu
909 315 954 343 se
992 302 1265 357 recolligeret,
1309 304 1468 356 primus

74 365 163 406 ludi
193 363 243 405 ab
274 369 446 405 accentu
477 375 567 404 sese
594 365 772 413 ,removit
804 365 1055 416 suspiriosus
1087 365 1193 404 extis
1218 363 1467 404 incalescen-

73 425 198 467 tibus,
245 436 422 478 namque
453 428 496 465 et
525 423 725 464 iecusculi
756 423 858 464 fibra
882 429 1066 465 tumente
1091 423 1326 477 pungebant
1351 437 1468 464 exer-

74 487 244 527 citatum
269 484 405 526 crebri
430 483 603 525 dolores.
654 483 695 526 8.
721 485 862 525 destiti
886 486 1073 538 protinus
1097 490 1138 525 et
1157 486 1258 538 ipse,
1284 485 1467 526 facturus
1504 495 1523 523 ⁵

74 547 360 587 communione
393 545 580 586 cessandi
610 558 699 586 rem
731 547 925 599 caritatis,
955 558 1008 585 ne
1040 545 1327 586 verecundiam
1351 545 1469 586 lassi·

73 606 175 648 tudo
211 606 390 647 fraterna
424 611 647 659 pateretur.
710 619 807 659 ergo
845 611 891 646 ut
923 606 1113 646 sedemus
1145 611 1186 646 et
1223 605 1340 646 illum
1372 618 1467 646 mox

72 679 222 721 aquam
253 666 302 708 ad
334 667 480 707 faciem
504 671 644 720 petere
672 666 797 707 sudor
822 666 1045 720 admonuit,
1076 666 1257 707 exhibita
1282 668 1469 720 poscenti

74 733 151 782 est,
175 729 330 782 pariter
355 732 397 768 et
421 727 593 768 linteum
611 727 717 767 villis
738 733 942 781 onustum,
969 727 1078 780 quod
1096 727 1282 780 pridiana
1302 740 1469 780 squama

74 788 247 842 politum
290 800 389 829 casu
432 787 508 828 suh
547 789 647 841 ipsis
689 787 895 829 aediculae
933 788 1057 828 valvis
1102 787 1378 841 bipatentibus
1417 788 1467 828 de
1487 801 1523 827 ιο

73 850 261 890 ianitoris
293 853 430 889 erecto
461 848 690 889 trocleatim
720 849 816 889 fune
848 848 1027 889 nutabat.
1078 847 1119 889 9.
1153 861 1233 901 quo
1266 848 1363 889 dum
1394 861 1468 902 per

74 911 206 950 otium
242 922 366 963 genas
398 910 540 949 siccat:
578 906 743 950 ‘vellem
754 907 780 963 ⁹,
817 910 968 963 inquit,
1006 905 1079 949 ‘ad
1110 921 1290 962 pannum
1322 909 1468 949 similis

73 971 203 1011 officii
247 969 411 1023 aliquod
459 969 726 1010 tetrastichon
774 969 877 1010 mihi
922 969 1048 1010 scribi
1097 966 1290 1010 iuberes'.
1354 967 1468 1023 ‘fiat',

74 1033 253 1085 inquam.
298 1027 387 1071 ‘sed
413 1030 522 1083 quod
548 1027 712 1085 meum',
739 1030 854 1084 dixit,
879 1027 937 1070 ‘et
956 1043 1106 1070 nomen
1125 1035 1257 1070 metro
1277 1028 1465 1071 teneret'.

74 1091 270 1146 respondi
305 1090 516 1144 possibilia
554 1091 663 1131 factu
694 1104 796 1144 quae
828 1092 1096 1144 poposcisset.
1162 1090 1253 1143 [ait]
1288 1096 1328 1131 et
1360 1093 1467 1144 ipse:
1489 1102 1524 1129 15

75 1149 201 1193 ‘dicta
231 1148 358 1205 ergo’.
402 1156 499 1192 tunc
532 1164 607 1204 ego
633 1151 838 1192 arridens:
870 1148 982 1191 ‘ilico
1009 1153 1114 1192 scias
1139 1151 1275 1192 Musas
1300 1153 1468 1206 moveri,

2 1267 6 1269 μ
74 1214 114 1254 si
150 1212 274 1254 choro
312 1213 495 1266 ipsarum
525 1225 608 1252 non
645 1212 797 1265 absque
830 1212 996 1253 arbitris
1027 1209 1194 1252 vacem?
1256 1212 1467 1265 respondit

75 1273 145 1314 ille
182 1272 381 1314 violenter
419 1278 460 1313 et
495 1272 743 1327 perurbane,
786 1278 832 1313 ut
873 1277 936 1313 est
973 1278 1117 1313 natura
1154 1274 1216 1312 vir
1257 1273 1468 1313 flammeus

74 1334 322 1387 quidamque
348 1333 559 1374 facundiae
586 1334 676 1373 fons
702 1334 987 1374 inexhaustus:
1020 1330 1140 1387 ‘vide,
1166 1333 1329 1374 domine
1357 1333 1469 1387 Solli,

75 1407 128 1435 ne
159 1396 290 1447 magis
315 1393 456 1447 Apollo
488 1394 592 1434 forte
625 1400 846 1447 moveatur,
879 1394 987 1447 quod
1019 1406 1114 1434 suas
1147 1393 1330 1434 alumnas
1357 1394 1468 1434 solus
1487 1406 1525 1433 20

74 1455 127 1496 ad
164 1460 320 1495 secreta
362 1451 585 1494 sollicitas?
647 1456 727 1494 iam
771 1460 887 1507 potes
930 1466 1070 1508 nosse,
1116 1467 1237 1507 quem
1281 1454 1470 1508 plausum

75 1516 280 1556 sententia
310 1520 394 1555 tam
424 1516 649 1569 repentina,
679 1521 762 1555 tam
794 1514 928 1567 lepida
960 1516 1234 1555 commoverit.
1291 1512 1360 1556 10.
1392 1528 1468 1555 nec

2 1607 7 1610 .
74 1575 167 1630 plus
192 1580 373 1616 moratus
399 1587 494 1615 mox
521 1587 594 1615 suo
622 1575 767 1628 scriba,
794 1576 864 1627 qui
889 1574 1130 1627 pugillarem
1156 1576 1268 1615 iuxta
1293 1575 1469 1630 tenebat,

74 1636 127 1677 ad
157 1649 223 1677 me
255 1641 395 1676 vocato
429 1634 638 1676 subditum
670 1637 729 1676 sic
762 1637 1010 1688 epigramma
1042 1637 1271 1688 composui:

197 1721 315 1762 Mane
346 1733 451 1761 novo
483 1733 557 1761 seu
589 1733 682 1760 cum
713 1720 911 1760 ferventia
942 1719 1085 1759 balnea
1117 1725 1292 1772 poscunt

290 1794 365 1822 seu
396 1793 489 1822 cum
520 1786 667 1821 venatu
698 1781 811 1821 frons
844 1779 1035 1820 calefacta
1067 1779 1215 1833 madet,

198 1842 277 1883 hoc
308 1842 441 1882 foveat
472 1841 641 1895 pulcher
673 1841 817 1881 faciem
848 1840 1076 1881 Filimatius
1107 1840 1243 1893 udam,

289 1904 437 1955 migret
469 1908 514 1942 ut
545 1904 589 1942 in
620 1901 804 1942 bibulum
836 1901 964 1941 vellus
997 1900 1046 1941 ab
1079 1913 1148 1941 ore
1182 1900 1326 1954 liquor.

76 1985 329 2041 Epiphanius
361 1993 501 2027 noster
533 1988 599 2027 vix
632 1987 907 2040 suprascripta
939 1991 1209 2039 peraraverat,
1241 1990 1281 2025 et
1307 1986 1468 2025 nuntia-

76 2051 165 2089 tum
196 2053 260 2088 est
295 2047 396 2088 hora
428 2053 617 2088 monente
650 2047 843 2101 progredi
874 2048 1111 2100 episcopum
1144 2046 1193 2086 de
1226 2047 1468 2099 receptorio,
1488 2059 1524 2087 30

77 2119 233 2162 nosque
272 2110 537 2149 surreximus.
603 2106 671 2148 11.
711 2108 760 2148 da
798 2106 1023 2161 postulatae
1062 2112 1107 2146 tu
1144 2107 1302 2146 veniam
1341 2107 1469 2146 canti-

176 2240 196 2272 1
222 2236 299 2273 huc
324 2236 360 2272 L
386 2241 421 2274 et
448 2239 558 2281 (corr.
586 2238 629 2272 in
654 2236 705 2272 ad
736 2236 808 2272 hoc
835 2235 977 2281 NUN,
1017 2235 1066 2270 ad
1098 2234 1170 2270 hoc
1206 2233 1274 2280 (ad
1305 2235 1348 2270 in
1379 2245 1469 2280 ras„

5 2281 14 2284 ”
77 2283 151 2320 hoc
181 2296 210 2322 8.
238 2286 261 2321 l.
289 2286 375 2322 aad.
403 2285 668 2331 1³¹)MCTP,
706 2296 806 2320 nunc
839 2284 1104 2331 Enyelbreeht,
1144 2293 1187 2317 ac
1214 2282 1469 2329 DuetJ‘oharm,

78 2331 170 2370 hinc
194 2334 444 2371 Wilamowitz
464 2336 475 2379 l}
497 2339 516 2370 ‘a'
545 2333 719 2369 sedemus
740 2333 787 2377 L,
815 2332 983 2368 sedimus
1004 2332 1098 2376 NT,
1124 2330 1335 2367 resedimus
1356 2332 1408 2367 M
1412 2332 1444 2368 0

80 2382 121 2416 et
143 2382 225 2418 secl.
252 2382 495 2428 Ltaetjohann
532 2382 694 2428 (probat.
726 2381 952 2418 resedimus)
984 2383 996 2425 ss
1027 2383 1072 2414 14
1099 2378 1212 2424 dixit]
1244 2378 1372 2425 inquit
1399 2380 1434 2416 Τ
1454 2381 1467 2426 ’ᾗ

0 2444 12 2472 25
81 2431 127 2465 15
152 2429 209 2466 ait
233 2431 276 2467 in
300 2443 375 2468 ras.
407 2432 453 2466 Μ
459 2431 483 2476 ¹,
508 2431 657 2467 seclusit
682 2430 924 2475 Luetjohmm
944 2432 956 2474 ΙΙ
976 2431 1022 2464 ‘20
1048 2438 1160 2474 mage
1188 2427 1252 2474 Tu
