1592 2612
309 138 540 176 SIDONIUS
563 138 840 176 LAMPRIDIO
867 138 962 176 SUO
989 139 1232 176 SALUTEM.
1371 140 1461 184 185

72 239 249 283 socruali
278 240 343 282 vel
372 241 418 281 in
442 252 563 281 usum
593 242 738 281 tertiae
771 240 846 281 sub
871 242 1004 294 pretio
1030 240 1262 283 medietatis
1288 242 1458 284 obtinui.

71 300 111 343 3.
142 303 310 342 interim
339 305 386 342 tu
415 300 579 356 videris,
611 314 731 354 quam
762 301 839 341 tihi
871 303 925 342 sit
955 303 1256 355 epigrammatis
1288 303 1459 356 flagitati

70 362 218 403 lemma
247 361 514 416 placiturum
550 374 616 402 me
647 366 785 402 tamen
815 374 1072 416 nequaquam
1104 362 1333 404 sollicitudo
1365 376 1458 417 per-

69 424 198 464 mittit
226 421 337 463 aliud
366 434 476 463 nunc
518 422 669 463 hahere
713 423 758 463 in
801 424 978 477 actione,
1023 423 1132 464 aliud
1176 425 1220 464 in
1264 426 1455 465 carmine.

70 482 171 525 illud
209 495 306 524 sane
336 488 499 537 praeter
540 484 739 524 iustitiam
770 483 936 538 feceris,
981 485 1017 524 si
1059 485 1103 524 in
1134 486 1458 537 praesentiarum
1495 496 1515 522 5

68 544 251 585 vicissim
282 545 433 597 scripta
459 545 576 597 quasi
601 556 824 597 compares.
872 556 945 597 ago
971 544 1232 599 laboriosum,
1258 547 1343 599 agis
1369 547 1457 599 ipse

69 604 249 659 felicem3
280 617 355 658 ago
386 604 517 645 adhuc
549 604 727 659 exulem,
771 606 857 657 agis
890 606 978 658 ipse
1008 606 1100 658 [iam
1131 607 1283 660 civem3
1328 611 1369 647 et
1407 606 1458 647 ob

68 665 147 706 1100
178 664 403 718 inaequalia
435 677 554 719 cano,
586 667 680 718 quia
712 665 860 705 similia
890 678 1014 718 posco
1048 671 1088 706 et
1117 668 1231 719 paria
1268 679 1352 707 non
1383 668 1459 707 im-

67 731 198 779 petro.
248 724 289 766 4.
323 725 430 779 quod
457 727 493 766 si
519 727 709 779 quopiam
740 738 838 766 casu
868 726 1044 779 ineptias
1074 727 1186 780 istas,
1219 740 1319 780 quas
1351 729 1459 768 inter

69 787 195 826 animi
227 785 425 840 supplicia
457 787 796 841 conscripsimus,
835 791 938 826 nutu
981 786 1281 839 indulgentiore
1321 800 1458 829 susce·
1480 799 1516 826 10

68 847 193 900 peris,
223 845 488 899 persuadebis
520 847 633 901 mihi,
665 848 760 900 quia
792 852 983 887 cantuum
1016 847 1171 888 similes
1195 848 1349 889 fuerint
1375 849 1458 889 olo-

69 908 268 962 rinorum,
293 919 467 960 quorum
493 911 556 948 est
580 907 825 948 modulatior
850 907 1015 961 clangor
1039 909 1083 948 in
1107 910 1269 963 poenis3
1302 909 1459 950 similes

69 969 193 1008 etiam
237 967 410 1008 chordae
454 967 604 1021 lyricae
645 967 861 1008 violentius
905 973 1064 1023 tensae,
1106 981 1208 1022 quae
1246 982 1324 1023 quo
1365 970 1458 1023 plus

66 1032 186 1082 torta,
204 1027 296 1081 plus
315 1029 470 1068 musica
490 1033 565 1069 est.
610 1033 791 1069 ceterum
818 1030 854 1068 si
878 1029 1043 1082 probari
1074 1035 1284 1082 nequeunt
1315 1043 1458 1071 versus

68 1089 142 1129 otii
174 1093 243 1129 aut
273 1087 490 1129 hilaritatis
522 1094 729 1142 expertes,
773 1094 818 1130 tu
856 1101 1017 1142 quoque
1055 1091 1098 1130 in
1129 1092 1296 1145 pagina,
1337 1104 1457 1144 quam
1478 1103 1515 1130 15

70 1153 213 1202 supter
243 1150 409 1203 attexui,
439 1148 511 1204 nil,
542 1150 650 1203 quod
681 1149 855 1204 placeat,
887 1151 1081 1191 invenies.
1145 1148 1185 1192 5.
1227 1151 1293 1191 his
1326 1152 1458 1192 adhuc

66 1208 187 1264 adde,
231 1209 338 1263 quod
369 1211 599 1264 materiam,
644 1212 711 1251 eui
741 1222 824 1251 non
855 1210 1016 1251 auditor
1046 1212 1183 1265 potius
1216 1212 1288 1252 sed
1329 1212 1458 1253 lector

67 1269 271 1324 obtigerit,
302 1270 404 1310 nihil
435 1270 615 1311 absentis
647 1273 824 1311 auctoris
856 1273 1133 1324 pronuntiatio
1160 1274 1280 1313 iuvat.
1324 1285 1457 1326 neque

67 1331 177 1370 enim
207 1335 301 1384 post
344 1343 447 1384 opus
487 1333 660 1372 missum
704 1337 910 1386 superest,
954 1332 1062 1385 quod
1094 1338 1214 1385 poeta
1245 1333 1309 1374 vel
1340 1347 1456 1374 voca-

66 1389 249 1431 lissimus
292 1396 400 1446 agat,
441 1404 562 1444 quem
606 1392 796 1432 distantia
839 1391 919 1432 loci
960 1405 1037 1433 nec
1074 1393 1151 1433 hoc
1184 1394 1317 1434 facere
1362 1407 1454 1447 per·
1475 1409 1513 1434 zo

66 1452 209 1505 mittit,
254 1451 362 1504 quod
394 1451 527 1492 solent
556 1452 668 1492 chori
702 1454 1061 1507 pantomimorum,
1094 1455 1164 1506 qui
1195 1453 1302 1494 bono
1335 1461 1456 1495 cantu

67 1510 171 1552 male
204 1511 352 1552 dictata
383 1512 678 1552 commendant.

286 1607 391 1655 Quid
424 1608 610 1649 Cirrham
641 1608 703 1648 vel
734 1608 926 1662 Hyantias
959 1608 1174 1664 Camenas,

287 1668 385 1721 quid
411 1668 552 1709 doctos
582 1668 865 1709 Heliconidum
898 1669 1100 1724 liquores,

288 1728 463 1782 scalptos
496 1728 603 1769 alitis
634 1729 858 1770 hinnientis
890 1731 973 1770 ictu
979 1762 992 1784 ,

286 1802 394 1830 nunc
427 1791 469 1830 in
502 1791 680 1830 carmina
711 1802 964 1830 commovere
996 1795 1188 1845 temptas,

233 1857 254 1890 5
286 1855 449 1890 nostrae
482 1862 504 1889 0
537 1849 793 1903 Lampridius
826 1850 950 1891 decus
982 1850 1162 1905 Thaliae,

288 1915 330 1950 et
360 1923 425 1950 me
459 1910 638 1951 scribere
672 1912 731 1951 sic
764 1910 936 1951 subinde
970 1913 1100 1965 cogis,

286 1983 330 2010 ac
365 1972 400 2011 si
432 1970 623 2023 Delphica
653 1970 767 2011 Delio
799 1971 985 2012 tulissem

286 2032 557 2071 instrumenta
589 2036 658 2071 tuo
690 2044 899 2084 novusque
931 2031 1069 2085 Apollo

287 2093 484 2132 cortinam
517 2092 715 2146 tripodas,
748 2092 891 2145 chelyn
923 2093 1155 2146 pharetras,

210 2160 255 2193 10
286 2164 405 2192 arcus
438 2164 584 2205 grypas
615 2165 728 2205 agam
761 2152 986 2206 duplaeque
1019 2153 1174 2193 frondis

167 2282 188 2314 9
215 2279 365 2327 copiam
391 2280 470 2316 LT
490 2280 494 2327 Ι
518 2291 611 2315 cusu
636 2281 702 2327 Lu
723 2285 767 2316 16
793 2280 913 2316 nichil
939 2281 1052 2326 ΜΘΗ
1074 2284 1117 2316 17
1144 2281 1244 2317 adde
1272 2281 1396 2318 adhuc
1425 2283 1457 2319 0

68 2327 81 2373 ΙἙ
105 2330 150 2363 21
177 2327 280 2363 bona
305 2330 421 2364 cantu
447 2329 498 2374 L,
526 2328 626 2364 bono
651 2331 787 2365 cantus
813 2330 863 2365 M
870 2330 901 2366 (J
915 2331 927 2375 ΙΙ
949 2342 981 2365 v.
1004 2333 1024 2364 5
1052 2341 1074 2365 o
1102 2330 1169 2365 del.
1205 2330 1454 2368 Wilamowitz

68 2376 79 2422 {³
105 2387 140 2411 v.
161 2380 182 2411 9
210 2375 339 2412 01101111
359 2377 402 2422 Τ,
428 2376 568 2412 chelim
590 2377 638 2412 M
644 2377 702 2424 ΟΠ
721 2390 755 2414 v.
773 2382 817 2414 10
842 2377 987 2414 frondis
1008 2377 1044 2412 L
1064 2382 1097 2413 et
1124 2381 1233 2415 (corr.
1253 2379 1297 2415 in
1315 2378 1452 2415 frontis

69 2423 207 2470 N¹)N,
232 2424 370 2460 stontis
395 2424 460 2471 (t-is
488 2436 580 2462 corr.
607 2430 650 2462 ut
673 2438 706 2463 v.
733 2438 779 2463 ex
805 2425 864 2462 dis
890 2426 938 2462 Μ
947 2425 1033 2471 2>Μ
1039 2426 1109 2462 GT
1124 2427 1136 2471 ΙΙ
