1592 2612
598 107 808 147 CAmfflN
831 108 914 146 vn.
1357 108 1445 152 277

117 220 165 254 20
188 213 350 266 iamque
381 217 427 253 ut
457 212 698 252 conveniant
728 212 885 265 superi,
916 211 1155 264 Tegeaticus
1187 210 1270 251 ales

188 285 298 314 nunc
328 272 495 327 plantiS‚
525 285 636 313 nunc
666 272 799 312 fronte
830 270 953 326 volat;
983 273 1051 312 vix
1082 272 1252 324 contigit
1283 283 1392 311 arva:

190 338 232 374 et
260 337 346 374 toto
377 332 589 374 descendit
619 345 703 373 avo.
764 344 895 386 mare,
928 337 1035 372 terra
1066 331 1130 372 vel
1161 344 1232 372 aer

191 393 403 447 indigenas
432 395 583 434 misere
615 393 725 434 deos.
787 405 977 446 germane
1009 392 1224 446 Tonantis,

188 455 319 508 prime
350 455 484 509 venis,
514 453 632 494 viridi
667 455 738 507 qui
768 453 915 493 Dorida
947 453 1100 493 findere
1133 465 1258 493 curru

118 522 164 556 25
190 519 331 556 suetus
362 516 406 555 in
437 516 607 555 attonita
638 516 796 567 spargis
828 515 909 554 cito
940 518 1054 566 terga
1088 525 1297 568 serenum3

188 580 375 616 umentes
406 574 610 628 Nymphas
640 574 795 615 Forcus
828 575 1043 615 comitatur
1074 573 1211 627 ibique

189 635 373 690 glaucus,
409 635 577 689 Glauce,
614 637 750 689 venis,
786 640 922 675 vatum
954 640 996 675 et
1027 636 1254 675 certissime
1285 633 1447 689 Proteu,

189 701 326 737 certus
358 709 460 737 eras.
522 695 642 749 longo
674 697 842 736 veniunt
871 700 964 748 post
994 695 1135 735 ordine
1168 695 1268 735 divi:

189 758 429 810 pampineus
460 756 600 810 Liber,
631 756 737 797 Mars
768 761 881 810 trux,
913 756 1149 809 Tirynthius
1179 755 1330 810 hirtus,

116 825 164 858 30
189 817 297 858 nuda
327 817 481 871 Venus,
513 817 685 858 secunda
716 816 858 870 Ceres,
888 816 1118 870 pharetrata
1151 815 1293 871 Diana,

190 877 290 918 luno
322 879 472 932 gravis,
502 877 683 930 prudens
714 877 864 931 Pallas,
894 879 1042 917 turrita
1073 875 1251 930 Cybebe,

193 938 391 978 Saturnus
422 938 637 992 profugus,
667 950 765 991 vaga
798 937 985 992 Cynthia,
1015 936 1203 977 Phoebus
1236 937 1428 992 ephebus,

191 998 274 1039 Pan
304 998 498 1052 pavidus,
529 997 657 1039 Fauni
689 998 829 1052 rigidi,
862 998 994 1051 Satyri
1023 997 1263 1051 petulantes.

193 1071 418 1099 convenere
449 1060 572 1099 etiam
602 1058 758 1099 caelum
789 1060 937 1099 virtute
968 1063 1173 1098 tenentes:

119 1127 167 1161 36
193 1118 336 1160 Castor
367 1132 472 1172 equo
478 1151 491 1173 ,
522 1119 663 1160 Pollux
694 1124 851 1173 caestu,
881 1116 1028 1172 (tum)
1058 1118 1232 1159 Perseus
1264 1118 1408 1172 harpe,

193 1179 361 1220 fulmine
393 1179 614 1234 Vulcanus,
644 1179 795 1233 Tiphys
826 1185 932 1233 rate,
963 1184 1082 1232 gente
1115 1178 1323 1226 Quirinus.

192 1241 283 1293 quis
314 1245 432 1281 canat
461 1240 528 1281 hic
560 1240 690 1281 aulam
722 1240 841 1294 caeli,
872 1239 1078 1280 rutilantia
1111 1241 1228 1280 cuius

192 1302 280 1354 ipsa
311 1302 584 1354 pavimentum
618 1305 712 1341 sunt
744 1298 908 1341 sidera?
969 1302 1049 1341 iam
1080 1305 1196 1353 pater
1227 1313 1350 1341 aureo

192 1360 434 1414 tranquillus
467 1374 557 1402 sese
590 1361 691 1401 solio
723 1361 846 1415 locat,
876 1361 971 1401 inde
1002 1362 1162 1414 priores

119 1429 167 1462 40
194 1421 415 1461 consedere
448 1421 514 1462 dei
546 1417 700 1477 (fluviis
732 1434 893 1474 quoque
926 1423 1097 1472 contigit
1128 1420 1216 1474 illo,

194 1481 265 1522 scd
298 1480 482 1534 senibus,
514 1481 694 1522 residere
727 1481 834 1535 loco,
865 1481 959 1535 tibi,
990 1483 1162 1521 maxime
1195 1481 1323 1522 fluctu

191 1541 366 1582 Eridane
398 1546 439 1582 et
470 1542 584 1581 ssavis
615 1543 658 1582 in
689 1541 832 1594 pocula
864 1542 988 1582 fracte
1021 1541 1271 1595 Sygambris,

192 1601 331 1642 Rhene
364 1608 543 1656 tumens,
575 1601 840 1655 Scythiaeque
872 1603 983 1655 vagis
1016 1603 1193 1655 equitate
1227 1604 1398 1642 catervis

193 1662 333 1703 Hister
364 1668 404 1703 et
435 1664 618 1715 ignotum
649 1662 740 1716 plus
771 1667 911 1716 notus,
943 1661 1054 1716 Nile,
1084 1674 1158 1715 per
1191 1658 1363 1718 ortum):

124 1731 172 1764 45
199 1735 292 1763 cum
323 1722 464 1776 procul
496 1728 630 1763 erecta
662 1722 763 1763 caeli
795 1723 844 1763 de
877 1727 991 1776 parte
1023 1722 1207 1762 trahebat

198 1785 337 1836 pigros
369 1782 494 1823 Roma
525 1783 691 1837 gradus,
722 1788 886 1823 curvato
919 1795 1069 1823 cernua
1100 1782 1202 1822 collo

197 1856 267 1884 ora
299 1844 454 1897 ferens3
485 1843 664 1896 pendent
695 1845 829 1884 crines
862 1843 911 1884 dc
937 1845 1108 1896 vertice,
1140 1844 1238 1883 tecti

195 1903 380 1958 pulvere,
411 1916 492 1944 non
524 1903 653 1957 galea,
685 1903 919 1957 clipeusque
952 1905 1177 1957 inpingitur
1207 1904 1340 1956 aegris

197 1963 423 2017 gressibus,
456 1969 496 2004 et
527 1964 702 2018 pondus,
734 1977 815 2004 non
846 1969 981 2004 terror
1011 1964 1140 2004 fertur
1172 1965 1213 2003 in
1244 1963 1369 2005 hasta.

126 2034 172 2066 50
199 2030 323 2078 utque
355 2026 414 2077 pii
446 2024 615 2077 genibus
646 2026 824 2078 primum
855 2030 918 2065 est
949 2025 1087 2064 adfusa
1119 2024 1332 2078 Tonantis,

172 2156 219 2188 20
238 2151 429 2199 tegeticus
442 2153 547 2190 codd.
562 2152 566 2200 1
583 2152 663 2188 ales
677 2153 930 2200 Bitschofsky,
949 2152 1083 2189 archas
1097 2153 1201 2189 codd.
1221 2154 1234 2197 ss
1254 2156 1297 2187 21
1320 2151 1455 2190 fronde

76 2200 263 2247 GPTFn
283 2205 328 2236 22
355 2202 402 2246 cf.
435 2201 543 2248 Very.
568 2202 663 2237 Aen.
689 2201 764 2247 IV,
782 2204 862 2238 258
887 2203 1061 2237 materno
1086 2200 1244 2236 veniens
1270 2200 1319 2236 ab
1345 2213 1417 2238 avo
1441 2201 1456 2249 ΙΙ

73 2253 121 2285 24
135 2260 246 2286 cursu
258 2249 302 2294 Ρ,
318 2260 433 2285 curvo
444 2249 490 2285 M
496 2249 519 2295 ¹,
534 2260 642 2286 curro
653 2249 741 2296 ΜἾ,
751 2252 795 2285 31
809 2249 974 2296 cybebes
982 2249 1026 2294 P,
1040 2248 1193 2294 cybeles
1204 2247 1377 2295 (cibeles)
1387 2249 1460 2287 GT

78 2297 128 2343 F,
154 2297 276 2333 cibele
303 2298 355 2333 M
367 2300 380 2343 u
399 2302 446 2333 35
470 2296 612 2346 (tum)
638 2297 795 2334 Perseus
821 2310 898 2343 eyo,
921 2296 1096 2333 Perseius
1121 2298 1225 2334 codd.
1248 2297 1456 2344 (Danaeius

73 2345 483 2430 gaammvitz)21⁷arpe
510 2345 670 2382 TGPF
686 2347 699 2393 ΙΙ
716 2350 764 2382 44
790 2348 878 2382 note
904 2346 990 2392 plus
1017 2345 1093 2382 Leo
1121 2347 1134 2391 ss
1161 2349 1208 2382 47
1235 2345 1358 2383 crines
1385 2358 1452 2383 om.

137 2396 216 2441 fl50
242 2393 316 2441 piis
394 2396 407 2441 ΙΙ
