1592 2612
178 117 212 152 X
719 115 1011 153 PRAEFATIO.

178 217 239 271 IV,
267 216 337 271 20,
365 216 391 258 3
426 223 578 258 cuncta
606 230 782 269 prorsus
814 219 1050 258 huiusmodi
1074 213 1148 273 (sc.
1175 213 1328 274 erant).
1355 241 1412 246 —
1443 217 1501 259 ΙΙ).
1527 217 1555 259 2

180 278 286 330 quod
313 278 472 318 codices
499 283 659 331 praeter
683 278 715 317 L
747 277 942 331 praebent
973 280 1118 318 cervix
1148 290 1230 319 non
1261 280 1376 319 sedet
1404 282 1555 329 nervis,

178 339 265 390 ipsa
312 340 509 378 sententia
562 338 764 378 offendere
810 337 1021 391 locumque
1065 350 1252 378 mancum
1302 338 1432 378 videri
1474 340 1555 379 iam

178 397 481 438 Gustafssonius
508 398 617 452 vidit,
650 398 689 438 id
724 398 829 451 quod
862 410 969 438 nunc
1001 398 1141 438 lacuna
1167 399 1207 438 in
1235 397 1266 437 L
1298 403 1453 439 servata
1486 394 1550 455 (in

179 458 213 497 N
256 458 350 511 quid
390 459 528 512 fuerit,
574 471 653 498 non
692 454 838 514 liquet)
872 459 1141 499 confirmatur.
1211 458 1256 499 In
1287 458 1555 512 Luetjohanni

180 523 314 558 autem
347 520 577 558 coniectura
610 521 755 559 cervix
791 531 872 559 non
912 521 1012 560 toris
1045 524 1170 560 tumet
1199 521 1275 560 sed
1304 522 1441 560 nervis
1472 532 1554 559 non

177 584 258 618 tam
291 583 472 619 tororum
506 584 546 618 et
577 591 792 619 nervorum
826 580 1025 632 oppositio
1058 579 1244 632 displicet
1270 575 1338 635 (cf.
1365 579 1463 620 Plin.
1491 593 1552 633 ep.

177 639 219 692 V,
247 637 286 692 8,
316 635 391 694 10)
426 651 545 691 quam
577 641 762 679 tumendz’
791 639 971 693 verbum,
1011 639 1117 692 quod
1156 639 1204 679 ad
1243 642 1381 680 nervis
1417 641 1552 680 minus

180 699 360 751 quadrat.
425 698 693 746 Quamobrem
726 701 812 751 ipse
847 699 934 739 coll.
963 699 1058 739 Stat.
1085 699 1209 740 Theb.
1235 699 1300 754 IX,
1327 698 1412 741 687
1447 704 1554 741 colla

176 762 317 800 sedent
349 762 467 800 nodis
501 761 662 812 scripsi:
703 762 849 800 cervix
886 772 967 800 non
993 762 1108 800 sedet
1144 762 1262 801 nodis
1299 763 1374 800 sed
1402 763 1552 801 nervis.

176 819 231 859 De
272 819 485 859 verborum
528 819 789 859 collocatione
832 820 880 860 cf.
908 819 1045 860 Alcim.
1072 819 1172 860 Avit.
1204 833 1242 873 p.
1273 817 1376 875 125,
1402 818 1429 861 9
1472 833 1552 861 non

176 883 298 920 comit
324 892 475 931 pompa
507 882 582 920 sed
609 882 764 930 qratia.
792 903 849 907 —
875 879 930 920 ΙΙ).
958 880 1161 933 vulgarem
1194 880 1362 921 formam
1391 883 1554 931 lequlae

176 941 324 980 retinui
365 936 433 995 (cf.
462 939 578 992 Corp.
607 939 733 979 Gloss.
760 939 844 980 Lat.
870 940 942 994 ΙΙΙ,
969 939 1069 994 379,
1098 939 1171 994 143
1209 938 1310 995 454,
1336 939 1412 995 273
1450 939 1552 995 470,

176 999 252 1054 373
284 999 386 1054 474,
406 996 466 1055 8).
487 1023 544 1027 —
571 999 626 1039 lb.
648 998 676 1040 5
708 1005 846 1040 contra
872 999 903 1039 L
935 1003 1125 1050 laqueum
1158 1003 1348 1051 vagantis
1379 1002 1551 1041 restitui.

176 1083 232 1087 —
265 1059 375 1101 lh.·6
410 1067 641 1101 narrentur
674 1073 914 1112 quamquam
949 1060 1032 1100 solo
1064 1060 1095 1099 L
1128 1062 1283 1115 nititur,
1315 1073 1406 1101 cum
1432 1060 1551 1101 Luct-

170 1120 348 1173 johanno
393 1120 651 1160 scribendum
693 1133 781 1160 esse
824 1122 982 1175 censui3
1027 1133 1118 1161 nam
1160 1133 1265 1164 unus
1306 1120 1438 1175 locus,
1481 1121 1553 1162 ubi

175 1184 324 1232 quippe
357 1193 449 1221 cum
487 1180 590 1233 apud
624 1180 835 1220 Sidonium
874 1194 965 1221 cum
1003 1181 1217 1221 indicativo
1256 1182 1436 1234 iungitur
1469 1176 1551 1238 (ep.

175 1241 235 1295 IV,
268 1236 421 1297 12,1>,
454 1240 502 1280 ab
535 1241 612 1280 hoc
644 1240 760 1293 longe
794 1241 977 1281 diversus
1010 1246 1088 1295 est3
1122 1242 1401 1282 coniunctivus
1434 1255 1551 1282 usur-

175 1306 293 1353 patur
326 1314 386 1354 ep.
413 1301 442 1355 I,
469 1300 508 1355 5,
537 1299 612 1355 10,
644 1301 673 1355 Ι,
702 1299 769 1355 11,
792 1299 864 1355 153
898 1301 940 1355 V,
970 1299 1038 1356 12,
1061 1273 1103 1355 1²3
1136 1301 1197 1356 VI,
1217 1300 1257 1356 9,
1277 1301 1304 1343 2
1338 1297 1441 1357 (sint
1464 1301 1550 1356 LN,

174 1361 245 1401 sed
285 1374 387 1401 corr.
421 1363 463 1401 in
500 1367 596 1402 sunt
626 1357 733 1417 Nm)
766 1367 862 1402 sunt
892 1357 1009 1417 ΜΤ),
1026 1333 1132 1416 V1’1,
1164 1358 1236 1416 14,
1262 1360 1308 1416 33
1346 1362 1417 1416 IX,
1444 1360 1485 1416 3,
1509 1360 1551 1403 4.

174 1445 230 1449 ——
264 1421 318 1462 lb.
350 1421 372 1462 7
409 1434 456 1461 ex
489 1421 606 1461 NMC
653 1424 885 1462 ioculanter
930 1424 1093 1476 scripsi,
1140 1422 1246 1475 quod
1291 1424 1552 1463 consonantia

171 1494 314 1522 vocum
347 1482 621 1522 commendari
653 1481 956 1522 Gustafssonius
994 1484 1082 1522 iure
1116 1482 1223 1522 dicit.
1258 1505 1314 1510 —-
1347 1482 1403 1523 lh.
1431 1482 1456 1524 8
1490 1485 1550 1524 Iu-

174 1545 270 1582 dum
314 1555 446 1594 neque
491 1541 626 1582 delere
671 1554 802 1595 neque
847 1544 889 1582 in
934 1545 1024 1583 ludi
1066 1547 1134 1583 aut
1174 1545 1366 1584 ludorum
1402 1545 1551 1583 mutari

172 1602 303 1656 velim,
337 1615 427 1642 cum
460 1602 714 1642 antecedenti
746 1602 867 1642 verbo
899 1605 1158 1643 severitatem
1187 1604 1416 1656 oppositum
1442 1603 1550 1643 idem

172 1663 278 1715 quod
313 1665 426 1703 iocus
457 1662 595 1702 valeat.
624 1686 680 1690 -—
706 1662 762 1702 ΙΙ).
790 1661 816 1703 9
850 1663 898 1703 de
931 1664 1176 1703 nominativo
1210 1666 1324 1704 molis
1355 1676 1389 1703 v.
1416 1663 1548 1704 Neue-

171 1723 370 1775 Wagener
400 1722 434 1776 Ι,
464 1720 550 1764 180
562 1735 638 1776 sq.;
678 1722 873 1777 Georges,
905 1719 1014 1763 ‘Lex.
1043 1723 1078 1763 d.
1105 1722 1170 1763 lat.
1196 1720 1357 1763 Wortf.'
1382 1736 1420 1776 p.
1446 1722 1548 1765 431.

174 1783 231 1823 Cf.
266 1786 381 1824 aedis
415 1795 475 1835 ep.
503 1782 555 1836 II,
583 1781 651 1836 10,
677 1780 707 1822 4
738 1796 772 1823 v.
800 1781 845 1837 53
883 1783 944 1834 IV,
973 1781 1041 1836 18,
1067 1781 1095 1824 5
1126 1796 1160 1823 V.
1190 1780 1264 1837 12,
1302 1785 1454 1824 subolis
1486 1797 1547 1837 ep.

170 1843 218 1897 II,
246 1842 284 1897 8,
315 1842 356 1896 13
395 1845 522 1883 struis
555 1855 616 1895 ep.
643 1843 671 1896 I,
698 1841 737 1896 5,
763 1842 809 1898 43
848 1843 974 1883 multo
1014 1843 1265 1896 frequentius
1304 1843 1368 1884 his
1407 1844 1548 1884 formis

171 1903 346 1943 Hilarius
380 1899 602 1958 tltitur.**)
631 1927 687 1930 —
717 1903 772 1943 Ib.
799 1903 874 1945 sed
903 1916 924 1943 a
956 1903 1230 1956 Luetjohanno
1264 1909 1355 1944 ante
1389 1906 1448 1945 ita
1480 1905 1547 1944 ad-

171 1964 299 2003 ditum
332 1964 396 2002 vix
436 1967 497 2002 est
534 1965 822 2004 necessarium.
857 1987 913 1991 —
946 1963 1000 2004 Ib.
1035 1976 1083 2004 ex
1116 1963 1302 2004 omnibus
1342 1963 1548 2005 codicibus

172 2026 339 2064 delinito
373 2024 528 2075 scripsi.
557 2046 613 2050 —
647 2023 675 2077 I,
701 2023 742 2077 4,
771 2022 793 2064 1
828 2026 908 2065 sibi
934 2024 1127 2079 forsitan,
1159 2027 1197 2065 si
1226 2029 1264 2064 te
1293 2037 1546 2075 consequan-

171 2091 251 2135 tur,
286 2085 472 2133 debeant,
505 2085 581 2123 tibi
611 2086 814 2124 debebunt
838 2087 993 2136 procul
1016 2086 1151 2134 dubio,
1184 2086 1296 2135 quod
1317 2090 1548 2135 sequuntur

268 2200 301 2241 ²³)
326 2198 379 2234 N¹
387 2197 421 2232 N
428 2198 441 2219 ²
466 2199 629 2244 primam
655 2200 694 2234 et
721 2200 925 2235 secundam
951 2211 1106 2235 manum
1131 2199 1320 2246 indicant,
1347 2199 1404 2235 Na
1409 2200 1462 2236 Nb
1489 2211 1546 2247 ea,

170 2258 268 2292 quae
294 2246 473 2281 librarius
500 2246 581 2292 ipse
607 2247 772 2292 primum
799 2247 963 2294 scripsit,
990 2248 1128 2284 deinde
1154 2228 1327 2285 correxit’.

244 2296 299 2339 **)
326 2294 380 2331 Cf.
408 2294 525 2330 etiam
551 2294 816 2341 Engelbreeht.
847 2295 993 2333 ‘Beitxu'
1022 2309 1059 2342 p
1084 2300 1127 2331 16
1155 2295 1400 2341 eiusdemque
1425 2296 1544 2341 praef.

172 2343 230 2380 ed.
251 2343 396 2379 Ennod.
417 2355 453 2388 p.
471 2343 598 2387 XLIV,
624 2343 691 2378 ubi
711 2344 834 2379 tribus
853 2344 947 2380 locis
965 2346 1016 2390 (p.
1041 2348 1097 2390 70,
1113 2348 1175 2391 13;
1203 2348 1283 2390 107,
1299 2348 1362 2390 2Ο;
1391 2348 1470 2391 112,
1486 2346 1546 2391 23)

169 2391 450 2427 nominativum
478 2390 620 2426 ‘molis'
649 2393 830 2437 reposuit.
