1592 2612
631 101 839 139 CARMEN
863 101 911 139 II.
1375 100 1463 143 241

208 216 382 257 namque
413 202 655 245 Dicarcheae
686 203 905 244 translatus
937 202 1069 256 pulvis
1100 203 1274 244 harenae

131 273 179 307 60
205 265 364 306 intratis
397 263 593 305 solidatur
624 266 739 318 aquis
772 264 993 317 durataque
1025 276 1158 304 massa

199 326 372 366 sustinet
402 325 590 366 advectos
620 326 836 379 peregrino
869 326 911 364 in
944 326 1101 378 gurgite
1135 336 1311 377 campos.

198 387 258 426 sic
288 390 328 426 te
361 385 599 439 dispositam
632 390 960 439 spectantemque
992 385 1172 438 undique
1204 390 1366 440 portus,

197 445 380 487 vallatam
410 445 551 500 pelago
583 451 786 487 terrarum
818 445 1027 486 commoda
1060 447 1237 499 cingunt.

256 506 476 547 Fortunata
508 511 569 547 sat
600 519 644 547 es
675 506 826 547 Romae
857 508 1004 560 partita
1036 506 1284 561 triumphos,

124 575 171 609 65
201 571 242 608 et
272 569 353 608 iam
378 580 460 608 non
493 569 720 620 querimur:
753 567 882 608 valeat
914 567 1057 607 divisio
1090 568 1216 620 regni.

197 627 445 669 concordant
475 627 601 669 lancis
633 633 790 682 partes3
823 628 920 668 dum
954 627 1133 681 pondera
1165 632 1303 668 nostra

201 690 398 742 suscipis,
430 690 622 741 aequasti.
674 688 745 729 tali
776 693 821 729 tu
853 690 952 729 civis
986 688 1034 729 ab
1066 688 1168 728 urbe

201 749 399 802 Procopio
432 751 615 802 genitore
646 751 790 803 micas,
823 750 889 789 cui
920 750 1055 802 prisca
1086 761 1263 803 propago

201 810 393 863 Augustis
425 811 536 850 venit
566 822 588 850 a
619 811 798 864 proavis3
832 822 952 863 quem
985 809 1120 850 dicere
1153 810 1273 863 digno

128 878 176 912 70
201 883 283 911 non
315 870 433 911 datur
465 870 644 925 eloquio,
675 883 750 911 nec
783 871 818 911 si
850 870 970 910 modo
1003 874 1140 923 surgat
1170 870 1347 925 Averno,

203 932 273 984 qui
304 935 424 971 cantu
455 930 569 972 flexit
600 930 787 984 scopulos
820 931 1038 984 digitisque
1071 932 1231 971 canoris

203 991 397 1045 compulit
428 993 579 1032 auritas
611 991 660 1032 ad
692 991 893 1045 plectrum
925 1004 1090 1032 currere
1124 991 1261 1046 silvas,

203 1064 296 1093 cum
328 1057 483 1093 starent
513 1052 639 1092 Hebri
671 1051 810 1092 latices
842 1064 1045 1105 cursuque
1077 1051 1198 1105 ligato

203 1113 384 1153 fluminis
418 1114 577 1153 attoniti
609 1115 772 1153 carmen
803 1114 933 1166 magis
964 1112 1071 1153 unda
1105 1114 1248 1153 sitiret.

129 1181 176 1214 ’15
262 1172 367 1214 Huic
399 1173 601 1226 quondam
633 1175 770 1214 iuveni
801 1175 1002 1226 reparatio
1035 1173 1190 1214 credita
1221 1174 1332 1227 pacis

205 1234 409 1288 Assyriae3
444 1236 599 1288 stupuit
629 1235 774 1287 primis
807 1246 850 1274 se
882 1233 1054 1274 Parthus
1087 1235 1129 1274 in
1162 1236 1278 1274 annis

205 1293 420 1335 consilium
452 1308 533 1335 non
565 1295 672 1335 ferre
706 1296 834 1349 senis;
871 1296 1118 1335 conterritus
1149 1294 1297 1349 haesit,

206 1356 378 1408 quisque
411 1355 526 1396 sedet
559 1355 634 1395 sub
666 1367 761 1408 rege
796 1360 968 1408 satraps:
1001 1356 1056 1395 ita
1088 1356 1271 1395 vinxerat
1303 1368 1443 1396 omnes

206 1415 328 1468 legati
359 1416 514 1468 genius.
571 1420 828 1456 tremuerunt
858 1415 1012 1456 Medica
1044 1428 1158 1469 rura,

133 1483 180 1516 80
209 1488 391 1528 quaeque
425 1475 716 1528 draconigenae
749 1480 885 1529 portas
917 1489 998 1516 non
1031 1475 1230 1516 clauserat
1260 1476 1387 1531 hosti,

205 1541 292 1576 tum
325 1536 488 1576 demum
520 1535 698 1589 Babylon
730 1537 851 1576 nimis
885 1541 947 1576 est
979 1535 1058 1576 sibi
1088 1537 1173 1576 visa
1204 1541 1356 1589 patere.

206 1596 388 1650 partibus
422 1602 462 1637 at
493 1602 706 1650 postquam
739 1598 879 1637 statuit
910 1609 1011 1637 nova
1043 1596 1214 1637 formula
1247 1597 1389 1637 foedus

206 1656 403 1710 Procopio
436 1657 612 1698 dictante
644 1659 792 1711 magis,
824 1658 982 1697 iuratur
1015 1656 1063 1697 ab
1096 1657 1177 1697 illis

207 1719 313 1770 ignis
346 1723 386 1758 et
417 1717 525 1758 unda
557 1718 676 1772 deus,
707 1730 783 1758 nec
814 1730 896 1758 non
928 1722 1014 1757 rata
1046 1722 1161 1770 pacta
1194 1718 1329 1758 futura

131 1786 180 1819 85
205 1778 273 1819 hic
305 1778 417 1818 divos
450 1782 622 1819 testatur
654 1791 759 1819 avos.
818 1777 1040 1818 Chaldaeus
1074 1779 1117 1818 in
1150 1779 1253 1818 extis

205 1839 443 1892 pontificum
476 1839 524 1879 de
557 1851 670 1879 more
703 1851 827 1879 senex
860 1851 1004 1879 arcana
1035 1840 1193 1891 peregit

205 1912 431 1954 murmura;
464 1904 733 1952 gemmantem
764 1904 944 1952 pateram
976 1911 1047 1939 rex
1080 1901 1167 1952 ipse
1200 1904 1406 1939 retentans

205 1959 310 2000 fudit
340 1961 572 2000 turicremis
606 1960 810 2000 carchesia
844 1972 1019 2000 cernuus
1053 1961 1145 2000 aris.

208 2022 380 2073 suscipit
411 2020 506 2060 hinc
539 2020 730 2061 reducem
763 2020 956 2073 duplicati
989 2020 1148 2060 culmen
1180 2019 1366 2060 honoris:

135 2088 182 2121 90
209 2082 404 2134 patricius
437 2093 512 2121 nec
544 2093 626 2121 non
651 2081 913 2134 peditumque
941 2082 1202 2133 equitumque
1230 2081 1423 2133 magister

209 2142 444 2194 praeficitur
477 2142 639 2195 castris⁷
670 2141 741 2182 ubi
773 2141 896 2182 Tauri
928 2141 1101 2181 claustra
1134 2141 1355 2181 cohercens

209 2201 506 2255 Aethiopasque
539 2214 659 2254 vagos
692 2201 788 2242 belli
819 2206 976 2242 terrore
1009 2202 1191 2254 relegans

191 2346 238 2378 64
265 2344 326 2379 sat
351 2354 389 2378 es
416 2354 492 2390 eqo,
519 2342 613 2378 satis
641 2343 750 2380 codd.
770 2345 783 2387 ΙΙ
803 2347 848 2380 65
876 2354 923 2380 en
949 2342 1026 2379 iam
1046 2344 1122 2381 Leo
1141 2344 1154 2390 ΙΙ
1173 2347 1219 2380 66
1245 2342 1374 2379 lances
1395 2343 1445 2379 M
1459 2343 1472 2391 [l

87 2391 133 2424 88
166 2389 295 2426 fundit
322 2391 442 2437 01191
472 2392 516 2427 ut
540 2403 621 2438 sup.
649 2391 715 2428 ubi
742 2390 831 2438 Tbss

163 2455 393 2486 Aronmzmms
415 2459 462 2485 ed.
482 2459 515 2485 M
524 2467 541 2486 0
549 2459 570 2485 h
577 2467 601 2485 r.
1213 2455 1257 2487 16
