1592 2612
139 111 226 155 212
646 108 793 145 LIBER
816 77 997 146 NONUS.

139 213 308 253 decessu
339 213 441 251 vitae
474 211 699 263 praesentis
737 209 954 262 angoribus
992 213 1110 261 atque
1143 219 1266 248 onere
1297 208 1512 263 perfuncti,

139 285 231 313 cum
274 271 415 312 iudicii
459 270 546 310 dies
597 275 758 310 sanctus
810 268 1009 309 offulserit
1059 280 1151 308 cum
1200 269 1512 323 resurrectione,

140 331 365 385 agminibus
407 332 552 370 vestris
595 330 825 370 famulaturi
863 329 925 369 vel
965 328 1038 369 sub
1072 327 1355 376 Gabaoniticae
1388 331 1512 369 servi-

140 394 238 432 tutis
271 392 477 431 occasione
516 392 748 444 iungamur3
794 391 887 442 quia
927 388 1148 430 secundum
1185 389 1383 441 promissa
1425 401 1512 430 cae-

105 463 122 489 5
142 452 267 504 lestia,
301 463 400 504 quae
434 451 738 504 spoponderunt
768 449 872 490 filios
905 449 970 489 dei
1002 449 1051 489 de
1083 448 1314 489 nationibus
1346 461 1514 502 congre-

141 511 307 565 gandos,
344 512 379 550 si
409 523 483 550 nos
516 523 608 551 reos
639 512 754 550 venia
787 509 955 564 soletur,
987 509 1083 549 dum
1114 521 1185 549 vos
1216 508 1356 549 beatos
1389 508 1515 562 gloria

139 575 309 625 manet,'
335 572 413 611 etsi
455 583 529 623 per
575 572 776 611 actionum
815 570 1100 623 differentiam,
1144 581 1236 622 non,
1269 574 1402 610 tamen
1440 582 1515 623 per

140 631 319 671 locorum
345 631 575 671 distantiam
602 631 838 671 dividemur.
889 642 1044 670 memor
1069 631 1199 670 nostri
1225 642 1315 670 esse
1336 629 1514 684 dignare,

142 691 299 731 domine
332 691 444 744 papa.

790 807 864 851 IX.

88 900 120 926 10
267 890 495 927 SIDONIUS
520 890 714 927 DOMINO
741 889 900 926 PAPAE
927 889 1118 926 FAUSTO
1147 889 1389 926 SALUTEM.

235 966 271 1007 1.
304 967 485 1020 Longum
516 971 668 1021 tacere,
705 969 767 1007 vir
799 968 1088 1021 sacratissime,
1125 979 1200 1006 nos
1230 967 1273 1006 in
1305 978 1516 1007 commune

144 1028 360 1080 dequestus
388 1039 448 1082 es3
476 1039 672 1080 cognosco
699 1032 856 1068 vestrae
876 1028 1003 1080 partis
1022 1027 1117 1067 hinc
1139 1026 1328 1081 studium,
1354 1032 1516 1068 nostrae

143 1093 298 1127 reatum
330 1099 411 1127 non
443 1100 698 1140 recognosco.
761 1100 933 1140 namque
966 1089 1046 1127 iam
1076 1086 1235 1140 pridem
1266 1088 1403 1128 iussus
1429 1099 1517 1140 gar-

123 1149 225 1187 ·rire
256 1150 337 1187 non
371 1147 464 1187 silui
495 1147 641 1187 litteris
671 1149 770 1188 istas
796 1147 1166 1202 antecurrentibus3
1200 1147 1347 1200 quibus
1373 1151 1414 1188 et
1438 1149 1518 1189 iam

91 1217 124 1243 15
144 1207 415 1261 recensendis,
449 1220 539 1248 cum
564 1207 684 1248 Reios
717 1208 973 1262 advenerant,
1005 1209 1075 1260 qui
1099 1212 1196 1248 tunc
1221 1207 1346 1260 Aptae
1371 1207 1519 1262 fuistis,

146 1269 350 1320 aptissime
383 1268 579 1308 defuistis.
642 1268 763 1321 idque
795 1269 973 1308 votivum
1003 1267 1343 1320 mihi,granditer
1371 1268 1447 1308 fuit
1472 1280 1518 1308 ac

145 1332 419 1382 peroptatum,
463 1333 508 1368 ut
552 1328 722 1381 epistula
765 1330 946 1369 iniuncta
989 1340 1064 1368 nec
1107 1331 1324 1381 negaretur
1368 1329 1519 1381 scripta

146 1389 343 1427 amicitiae
375 1400 450 1428 nec
483 1387 723 1429 subderetur
760 1388 863 1429 lecta
901 1401 1108 1429 censurae.
1173 1386 1212 1428 2.
1246 1389 1323 1428 ista
1362 1389 1519 1428 omitta-

146 1460 246 1487 mus.
309 1449 414 1487 mitti
445 1450 630 1501 paginam
662 1450 864 1502 copiosam
898 1449 1029 1489 denuo
1062 1448 1189 1489 iubes.
1251 1461 1394 1501 parere
1425 1461 1519 1502 pro-

93 1517 128 1543 20
147 1509 304 1560 peranti
337 1508 481 1547 adsunt
518 1513 625 1562 vota,
670 1522 811 1549 causae
851 1508 1008 1549 absunt.
1071 1521 1164 1549 nam
1197 1508 1395 1563 salutatio,
1438 1509 1519 1549 nisi

146 1569 351 1620 negotium
393 1568 552 1621 aliquod
592 1571 716 1609 activa
755 1569 939 1622 deportet
975 1570 1161 1623 materia,
1206 1570 1410 1623 succincta
1441 1573 1519 1623 est3

147 1640 267 1680 quam
299 1629 369 1680 qui
400 1630 570 1680 porrigit
600 1629 733 1669 verbis
765 1642 846 1669 non
878 1630 1133 1683 necessariis,
1168 1642 1189 1670 a
1221 1628 1360 1682 regula
1392 1628 1519 1669 Sallu-

148 1689 268 1727 stiani
298 1689 469 1728 tramitis
503 1688 683 1729 detortus
716 1689 926 1744 exorbitat,
959 1690 1029 1743 qui
1055 1689 1267 1730 Catilinam
1293 1689 1427 1743 culpat
1451 1688 1519 1730 ha-

148 1747 284 1788 buisse
331 1750 451 1788 satis
491 1748 818 1804 eloquentiae,
864 1751 1136 1803 sapientiae
1174 1762 1351 1803 parum.
1413 1749 1520 1790 unde

95 1815 129 1843 25
150 1819 219 1847 ave
264 1807 368 1847 dicto
414 1820 506 1847 mox
550 1808 634 1848 vale
674 1809 856 1849 dicimus.
921 1815 1030 1850 orate
1069 1823 1141 1863 pro
1179 1809 1308 1850 nobis.
1372 1808 1411 1851 3.
1450 1809 1520 1850 sed

146 1867 248 1907 bene
281 1872 359 1921 est,
396 1867 498 1907 bene
538 1874 616 1922 est,
655 1871 747 1922 quia
779 1870 1000 1910 chartulam
1038 1872 1117 1910 iam
1155 1871 1316 1923 iamque
1355 1869 1520 1923 compli-

243 1998 290 2030 24
317 1994 471 2031 Sallust.
493 1995 573 2031 Cat.
594 1995 639 2042 V,
660 2001 693 2032 4.

244 2046 264 2077 2
294 2042 435 2078 sanctis
468 2043 714 2081 Wilamowitz
736 2046 741 2090 1
765 2044 967 2081 obfulserit
995 2047 1043 2092 F,
1070 2045 1257 2082 effulserit
1281 2045 1391 2082 malit
1408 2045 1521 2082 Luet-

141 2091 309 2137 ιφόὴανιφις
339 2092 402 2128 sed
433 2092 479 2136 ef.
511 2091 595 2128 God.
626 2093 759 2129 Theod.
784 2094 843 2138 II,
868 2096 904 2138 8,
923 2097 975 2131 25
1006 2094 1047 2129 in
1081 2105 1126 2130 ea
1158 2095 1219 2140 (sc.
1246 2092 1323 2140 die)
1357 2094 1425 2129 aut
1454 2092 1523 2128 im-

149 2138 247 2184 perii
264 2139 387 2174 nostri
407 2142 511 2174 ortus
534 2169 541 2175 .
560 2169 566 2175 .
589 2139 774 2176 offulserit
793 2143 804 2187 ΙΙ
825 2146 845 2177 5
873 2141 935 2177 dei
957 2143 1004 2188 F,
1031 2142 1119 2178 fidei
1139 2142 1191 2178 M
1195 2142 1294 2188 GPfl
1314 2145 1360 2177 14
1385 2140 1523 2187 quibus

151 2186 267 2222 etiam
294 2187 437 2233 MPF,
465 2187 692 2232 quibusdam
720 2188 839 2224 etiam
867 2189 904 2233 G,
931 2190 1068 2235 quibus
1093 2192 1224 2226 tamen
1249 2190 1488 2236 Luetjohawn
1511 2189 1524 2236 ΙΙ

152 2238 196 2270 15
223 2235 349 2280 Aptae
369 2235 567 2281 Sirmo‘nd„
593 2237 681 2282 apte
701 2237 804 2273 codd.
825 2239 836 2283 ss
856 2241 902 2273 20
924 2238 1149 2274 salutationi
1170 2238 1202 2274 si
1221 2238 1325 2275 codd.
1345 2240 1357 2283 ΙΙ
1377 2242 1420 2274 21
1447 2248 1525 2273 non

150 2282 327 2329 deportet
361 2283 392 2320 G
428 2283 432 2331 Ι
473 2295 524 2319 cm
559 2284 724 2319 activam
761 2285 938 2331 deportet
971 2286 1197 2323 materiam?
1235 2286 1476 2332 Luetjohann
1521 2285 1524 2333 Ι
1573 2320 1592 2327 „

151 2334 197 2367 24
222 2342 356 2377 parum
383 2331 596 2378 sapientiae
624 2332 746 2377 0112ss
774 2332 852 2368 iam
877 2333 1028 2379 iamque
1054 2335 1176 2382 vulyo,
1201 2333 1354 2380 iamque
1381 2334 1484 2371 codd.

149 2377 301 2425 iamque
329 2378 419 2426 quia
446 2380 631 2416 cartulam
659 2380 691 2417 G
705 2382 716 2427 ΙΙ
