1592 2612
119 162 178 204 20
620 155 766 215 Linea
790 122 984 190 PRIMUS.

118 262 318 314 velocitas,
344 262 387 300 in
412 258 558 299 Basilio
586 270 674 298 sera
694 256 963 296 numerositas
982 251 1300 306 praedicabatur.
1338 255 1494 292 utrum-

121 335 198 376 que
226 321 399 374 quidem,
427 321 460 359 si
486 319 568 359 fors
595 317 747 358 laribus
774 314 1094 368 egrediebantur,
1121 311 1276 352 artabat
1301 310 1494 354 clientum

119 383 280 436 praevia
324 380 543 434 pedisequa
582 377 825 419 circumfusa
868 374 1134 428 populositas3
1181 372 1252 413 sed
1296 371 1415 425 longe
1453 373 1497 412 in

121 442 286 496 paribus
318 441 498 493 dispares
526 438 722 479 sodalium
749 449 840 490 spes
873 441 913 475 et
940 435 1106 488 spiritus
1133 437 1259 473 erant.
1309 433 1498 488 Avienus,

86 514 103 540 5
123 505 157 543 si
190 502 284 555 quid
317 504 486 554 poterat,
517 501 559 539 in
592 499 685 539 filiis
712 498 871 551 generis
898 494 1090 536 fratribus
1116 493 1386 547 provehendis
1412 506 1498 534 mo-

122 562 309 615 liebatur3
340 572 509 613 cumque
538 571 698 612 semper
725 558 958 598 domesticis
986 554 1208 596 candidatis
1235 554 1498 607 distringere-

122 628 206 676 tur,
246 634 339 674 erga
379 620 646 674 expediendas
685 619 911 658 forinsecus
950 615 1198 656 ambientum
1232 616 1498 656 necessitates

122 684 254 723 minus
274 681 451 721 valenter
471 680 612 720 efficax
632 684 728 720 erat.
760 676 800 719 4.
823 683 862 718 et
881 679 923 718 in
942 677 1018 717 hoc
1037 676 1303 717 Corvinorum
1322 674 1497 716 familiae

121 743 291 783 Deciana
334 740 654 794 praeferebatur,
699 739 823 793 quod,
875 737 1007 791 qualia
1051 735 1294 790 impetrabat
1339 737 1498 777 cinctus

70 815 104 841 10
122 803 293 843 Avienus
333 803 434 855 suis,
476 800 568 841 talia
607 799 839 841 conferebat
871 797 1043 838 Basilius
1084 797 1306 840 discinctus
1345 796 1499 837 alienis.

122 864 261 903 Avieni
286 863 442 902 animus
467 863 562 901 totis
590 866 629 901 et
655 862 746 915 cito,
773 859 843 900 sed
864 859 1168 912 infructuosius,
1194 856 1334 898 Basilii
1359 858 1501 911 paucis

124 929 163 963 et
195 935 297 976 sero,
331 922 399 962 sed
427 921 676 962 commodius
704 920 969 974 aperiebatur.
1021 923 1167 959 neuter
1193 918 1305 959 aditu
1331 917 1500 972 difficili,

123 988 267 1024 neuter
299 986 551 1036 sumptuoso3
590 982 660 1022 sed
695 983 729 1021 si
759 985 976 1033 utrumque
1010 979 1224 1034 coluisses,
1262 977 1420 1020 facilius
1453 977 1502 1019 ab

125 1043 274 1084 Avieno
308 1042 630 1096 familiaritatem,
663 1041 818 1082 facilius
852 1054 872 1081 a
906 1040 1053 1080 Basilio
1086 1039 1331 1081 beneficium
1362 1051 1503 1080 conse-

74 1114 110 1142 15
130 1103 315 1156 quebare.
368 1100 407 1143 5.
441 1102 586 1155 quibus
620 1103 689 1142 diu
714 1103 918 1154 utrimque
945 1100 1102 1141 libratis
1128 1100 1169 1140 id
1194 1105 1389 1141 tractatus
1415 1112 1503 1141 mu-

126 1169 219 1204 tuus
245 1165 494 1216 temperavit,
520 1167 564 1202 ut
589 1166 792 1202 reservata
819 1163 991 1202 senioris
1019 1160 1243 1201 consularis
1264 1162 1505 1215 reverentia,

127 1225 170 1263 in
209 1223 370 1263 domum
409 1224 523 1263 cuius
556 1235 630 1263 nec
662 1224 783 1263 nimis
815 1235 906 1262 raro
939 1221 1252 1277 ventitabamus,
1291 1221 1506 1262 Basilianis

128 1285 261 1338 potius
288 1283 654 1336 frequentatoribus
682 1283 986 1336 applicaremur.
1027 1282 1149 1336 ilicet,
1176 1283 1272 1323 dum
1297 1295 1372 1336 per
1397 1282 1506 1322 hunc

132 1343 425 1396 amplissimum
455 1345 587 1384 virum
619 1343 768 1396 aliquid
803 1343 851 1383 de
877 1343 1090 1396 legationis
1116 1343 1318 1384 Arvernae
1344 1343 1507 1396 petitio-

77 1416 112 1442 20
132 1404 251 1444 nibus
279 1403 541 1457 elaboramus,
568 1416 660 1444 ecce
689 1409 727 1444 et
750 1403 949 1444 Kalendae
970 1403 1189 1458 Ianuariae,
1215 1416 1316 1457 quae
1336 1403 1508 1456 Augusti

62 1466 68 1475 ’
132 1463 308 1504 consulis
335 1476 426 1504 mox
454 1464 578 1504 futuri
598 1464 861 1517 repetendum
881 1464 994 1504 fastis
1013 1477 1161 1504 nomen
1182 1463 1507 1518 opperiebantur.

132 1522 170 1565 6.
202 1529 299 1564 tunc
329 1529 540 1576 patronus:
578 1521 711 1579 ‘heia’,
752 1526 900 1579 inquit,
939 1523 1054 1565 ‘Solli
1091 1537 1225 1579 meus,
1265 1536 1509 1578 quamquam

133 1585 309 1636 suscepti
342 1584 463 1624 officii
497 1597 616 1624 onere
649 1587 867 1640 pressaris,
899 1598 1040 1625 exeras
1073 1585 1160 1625 volo
1193 1587 1237 1625 in
1269 1584 1509 1638 obsequium

133 1645 225 1684 novi
257 1644 432 1684 consulis
458 1650 633 1685 veterem
659 1645 812 1685 Musam
837 1647 1014 1686 votivum
1041 1647 1247 1699 quippiam
1273 1645 1335 1686 vel
1360 1645 1509 1686 tumul-

80 1717 116 1743 25
135 1705 276 1744 tuariis
310 1704 454 1744 fidibus
488 1707 786 1745 carminantem.
844 1706 1044 1758 praebebo
1078 1706 1324 1747 admittendo
1357 1706 1510 1746 aditum

134 1765 431 1817 recitaturoque
459 1765 650 1805 solacium
676 1768 940 1818 recitantique
969 1767 1215 1820 suffragium.
1263 1768 1298 1807 si
1324 1766 1421 1819 quid
1442 1778 1509 1806 ex-

134 1828 248 1877 perto
288 1824 438 1878 credis,
483 1825 606 1865 multa
643 1825 718 1865 tibi
757 1828 861 1866 seria
898 1827 973 1867 hoc
1011 1827 1104 1867 ludo
1137 1822 1511 1880 promovebuntur.'

135 1885 250 1936 parui
284 1897 356 1936 ego
388 1887 625 1939 praeceptis,
665 1886 840 1926 favorem
873 1886 938 1927 ille
971 1900 1052 1927 non
1086 1887 1285 1928 subtraxit
1316 1888 1511 1927 iniunctis

135 1949 176 1984 et
207 1946 418 1997 impositae
451 1945 674 1985 devotionis
701 1946 962 1999 adstipulator
988 1949 1162 1988 invictus
1189 1948 1272 2001 egit
1297 1960 1390 1988 cum
1416 1959 1510 1998 con-

237 2051 255 2083 1
273 2047 372 2083 seria
386 2049 419 2082 L
438 2049 450 2093 ΙΙ
469 2051 492 2082 4
506 2048 676 2095 spiritus]
699 2049 843 2095 species
864 2052 968 2087 codd.
982 2052 1189 2089 Helmstad.
1205 2054 1281 2088 486
1299 2056 1333 2089 et
1345 2052 1512 2089 Parisin.

138 2097 240 2132 2783
259 2098 271 2142 ss
292 2099 336 2130 10
363 2095 572 2132 discinctus
598 2108 711 2144 usque
731 2099 781 2134 ad
799 2098 928 2134 basilii
948 2111 1015 2136 om.
1033 2101 1064 2137 Ο
1078 2104 1089 2146 ΙΙ
1110 2104 1155 2136 13
1182 2099 1364 2136 coluisses
1377 2100 1516 2146 LNT,

140 2144 395 2179 consuluisses
424 2145 519 2190 VM,
546 2145 789 2181 consiluisses
818 2146 850 2183 Ο
863 2148 875 2193 ΙΙ
896 2151 941 2183 14
966 2147 1271 2184 familiaritatem
1297 2160 1364 2185 om.
1391 2160 1446 2194 sp.
1465 2151 1514 2185 15

140 2192 164 2228 l.
184 2204 216 2228 v.
238 2192 274 2227 L
296 2193 301 2234 Ι
323 2191 474 2228 facilius
503 2204 525 2228 a
549 2193 689 2229 basilio
709 2194 797 2229 LN
802 2195 860 2240 M,
888 2207 910 2231 a
934 2195 1072 2232 basilio
1099 2199 1181 2244 (om.
1202 2195 1371 2243 facilius)
1397 2196 1516 2240 VGT;

139 2240 186 2284 cf.
214 2251 267 2286 ep.
296 2240 395 2293 V,·2,
414 2244 439 2277 2
468 2240 601 2276 debuit
627 2263 670 2268 —
699 2241 831 2277 debuit
849 2243 861 2288 11
884 2247 926 2278 15
952 2245 1154 2290 utrumque
1179 2247 1287 2292 (corr.
1314 2246 1358 2281 in
1382 2243 1515 2280 utrim-

139 2298 211 2332 que
240 2286 301 2333 02)
326 2287 478 2324 llbratis
505 2288 571 2324 diu
600 2289 654 2336 Ol
676 2291 877 2336 utrumque
904 2291 940 2326 L
958 2293 970 2338 ΙΙ
991 2297 1035 2328 16
1062 2294 1215 2329 servata
1241 2294 1296 2340 (re
1320 2304 1349 2329 ε.
1377 2293 1398 2329 l.
1426 2293 1515 2330 add.

141 2335 276 2381 T²)T,·
301 2336 347 2380 cf.
374 2347 428 2382 ep.
449 2337 523 2382 IV,
545 2341 603 2382 11,
623 2340 648 2373 '7
678 2342 682 2382 Ι
714 2338 928 2375 reverentia
953 2341 1150 2387 LVMT¹‚
1176 2340 1395 2386 frequentia
1423 2340 1520 2377 Tffc

138 2383 150 2429 ΙΙ
176 2387 222 2419 20
248 2394 336 2419 ecce
363 2389 402 2419 et
428 2385 559 2420 LVM
565 2386 608 2431 T,
635 2396 720 2421 ecce
747 2387 828 2432 (om.
857 2388 909 2432 et)
934 2387 1054 2435 01122
1076 2394 1164 2436 post
1187 2401 1294 2425 meus
1320 2400 1374 2436 sp.
1395 2391 1420 2425 8
1439 2389 1463 2426 Z.
1481 2401 1514 2427 v.

138 2432 183 2468 in
209 2431 256 2478 L,
280 2432 442 2468 cendum
467 2444 548 2480 emp.
570 2434 615 2470 N
617 2434 639 2479 ¹,
666 2434 829 2480 agedum
861 2436 1107 2475 Wz'lamowitz
1127 2440 1138 2485 ΙΙ
