1592 2612
189 125 280 168 354
688 122 892 161 OARMEN
917 123 1054 161 xxlv.

411 225 558 266 electro
590 225 788 266 viridante
821 226 1099 280 pampinatas,.

412 299 502 326 cum
533 286 661 326 Porus
694 288 829 338 posuit
861 291 1050 339 crepante
1083 298 1178 339 gaza

411 346 515 386 fulvo
549 359 597 386 ex
630 345 791 399 palmite
823 347 981 386 vineam
1011 346 1164 387 metalli

410 419 656 459 gemmarum
688 406 939 447 fluitantibus
971 404 1173 447 racemis?

340 475 383 507 75
470 467 572 507 Hinc
604 472 648 506 tu
680 466 840 507 Cottion
872 467 951 507 ibis
984 471 1102 520 atque
1134 467 1248 507 Avito

408 532 546 567 nostro
580 527 681 567 dicis
713 524 828 582 ‘ave',
861 527 1006 568 dehinc
1039 525 1212 568 tvaleto'.

410 587 531 627 debes
564 587 804 640 obsequium
836 589 922 628 viro
954 600 1151 642 perenne3

409 660 512 702 nam,
545 648 640 688 dent
671 648 765 689 hinc
797 650 954 689 veniam
986 650 1067 689 mei
1097 649 1331 703 propinqui,

408 721 489 748 non
521 708 636 748 nobis
668 710 781 761 prior
813 714 876 749 est
906 722 1053 762 parens
1086 711 1225 750 amieo.

337 776 383 809 80
408 769 502 808 hinc
535 773 572 808 te
606 770 685 808 iam
716 769 896 823 Fidulus,
929 770 1053 810 decus
1084 769 1284 810 bonorum

409 834 448 868 et
479 841 554 869 nec
586 829 772 869 Tetradio
807 832 905 870 satis
938 830 1139 871 secundus

408 902 565 929 morum
597 889 758 930 dotibus
792 896 859 930 aut
891 895 1030 931 tenore
1063 892 1178 945 recti,

409 955 544 990 sancta
578 952 747 1003 suscipit
778 951 1062 1004 hospitalitate.

408 1011 500 1050 exin
531 1011 650 1050 tende
683 1011 851 1063 gradum
883 1012 1111 1065 Tribusque
1144 1011 1256 1052 Villis

337 1079 381 1111 85
409 1071 692 1111 Thaumastum
725 1077 879 1126 expete,
912 1072 1133 1124 quemlibet
1164 1072 1355 1113 duorum:

410 1143 580 1183 quorum
612 1133 746 1171 iunior
778 1137 840 1172 est
870 1133 971 1172 mihi
1004 1132 1151 1173 sodalis

409 1196 448 1230 et
480 1191 629 1244 collega
662 1193 780 1233 simul
813 1193 1018 1246 graduque
1050 1193 1192 1247 frater3

409 1251 515 1303 quod
548 1253 583 1291 si
614 1253 696 1292 fors
729 1255 864 1293 senior
895 1253 971 1294 tibi
1002 1254 1218 1307 invenitur,

407 1312 514 1351 hunc
546 1325 697 1364 pronus
729 1326 854 1366 prope
887 1318 1076 1367 patruum
1109 1313 1248 1354 saluta.

336 1381 381 1413 90
407 1372 500 1412 hinc
533 1373 580 1412 ad
615 1374 792 1414 consulis
825 1374 955 1427 ampla
986 1379 1091 1414 tecta
1123 1373 1256 1427 Magni

408 1431 661 1485 Felicemque
693 1440 807 1475 tuum
838 1436 943 1489 veni,
974 1434 1127 1490 libelle3

409 1497 448 1532 et
479 1497 518 1532 te
550 1493 801 1546 bybliotheca
833 1508 911 1548 qua
942 1500 1109 1548 paterna
1140 1500 1214 1549 est,

410 1552 536 1604 qualis
568 1566 643 1594 nec
675 1557 809 1595 tetrici
841 1556 916 1596 fuit
947 1555 1107 1610 Filagri,

410 1612 565 1653 admitti
597 1614 714 1655 faciet
746 1615 900 1656 Probus
932 1616 1162 1670 probatum3

337 1680 382 1712 95
408 1672 473 1712 hic
507 1685 623 1726 saepe
655 1674 832 1716 Eulaliae
865 1689 977 1716 meae
1009 1676 1168 1731 legeris,

409 1734 522 1772 cuius
556 1734 771 1788 Cecropiae
803 1749 921 1789 pares
953 1737 1154 1777 Minervae

410 1805 543 1832 mores
577 1800 617 1834 et
648 1796 767 1848 rigidi
801 1809 918 1837 senes
951 1802 991 1837 et
1021 1799 1110 1850 ipse

410 1854 609 1905 quondam
641 1869 869 1909 purpureus
903 1870 1020 1898 socer
1051 1857 1256 1897 timebant.

471 1913 549 1953 Sed
580 1916 659 1954 iam
693 1917 859 1957 sufficit:
892 1930 985 1958 ecce
1018 1917 1155 1970 linque
1187 1921 1366 1971 portum;

320 1981 387 2013 100
414 1986 464 2012 ne
497 1978 536 2013 te
568 1976 745 2027 pondere
777 1977 867 2030 plus
899 1991 1080 2031 premam
1113 1977 1315 2033 saburrae,

409 2032 471 2073 his
504 2036 545 2073 in
577 2036 760 2076 versibus
793 2050 981 2078 ancoram
1014 2039 1154 2079 levato.

194 2219 220 2253 q
249 2160 429 2245 aevgocliagc
443 2161 663 2256 lllffuechelem
688 2166 750 2201 sed
769 2166 815 2210 cf.
836 2178 889 2212 ep.
911 2167 969 2212 ΙΙ,
987 2168 1026 2213 2,
1045 2171 1098 2204 20
1117 2168 1128 2214 ΙΙ
1149 2169 1193 2202 92
1216 2176 1292 2211 qua
1311 2165 1575 2212 Luetjohann;

222 2220 246 2243 Π
417 2238 423 2245 .

747 2365 1008 2387 -w—
