1592 2612
325 128 556 166 SIDONIUS
581 127 836 166 PETRONIO
863 127 959 166 SUO
986 127 1231 165 SALUTEM.
1390 127 1480 171 105

86 232 289 272 sentiente
327 230 544 272 concordia
582 243 656 272 seu
695 232 755 271 sic
787 230 1058 271 concordante
1092 231 1304 271 sententia.
1367 229 1479 270 illius

86 303 249 345 quoque
279 293 444 332 nomine
477 291 624 346 exulta,
657 304 779 344 quem
811 296 1052 332 creaverunt
1076 289 1338 344 Euphronius
1364 291 1478 331 testi-

84 354 236 407 monio,
271 364 395 393 manu
424 352 600 407 Patiens,
631 352 749 392 ambo
781 352 946 406 iudici0,
978 354 1021 392 in
1054 363 1134 405 quo
1166 352 1264 392 fecit
1293 350 1478 405 Euphro—

84 414 198 467 nius,
235 413 344 467 quod
381 414 619 454 conveniret
655 425 737 454 non
776 414 1000 454 senectutis
1040 411 1161 453 modo
1201 424 1298 454 suae
1336 424 1479 452 verum

86 475 209 515 etiam
247 473 456 527 dignitatis
494 473 770 528 longaevitati,
807 474 904 514 fecit
941 480 982 514 et
1018 473 1200 527 Patiens,
1237 475 1300 514 vir
1338 485 1476 526 quam-
1514 484 1532 511 5

86 533 187 576 libet
216 535 373 588 magnis
404 547 479 588 par
509 539 645 575 tamen
677 534 878 588 laudibus,
910 534 1019 587 quod
1045 535 1144 574 satis
1177 534 1314 575 decuit
1343 534 1477 574 facere

85 606 315 650 personam,
348 608 450 648 quae
483 600 604 649 caput
637 600 699 636 est
725 597 878 636 civitati
904 599 1066 636 nostrae
1092 607 1167 648 per
1193 594 1478 649 sacerdotium,

85 657 321 710 provinciae
352 668 448 696 vero
481 669 555 709 per
588 658 804 696 civitatem.
854 656 952 696 vale.

150 1031 277 1081 GAI
320 1031 561 1080 SOLLII
599 1030 1101 1081 APOLLINARIS
1142 1030 1416 1080 SIDONH

521 1127 1050 1177 EPISTULARUM

572 1249 726 1290 LIBER
758 1249 994 1298 QUINTUS.

766 1379 799 1424 I.
821 1382 829 1389 ‘

326 1462 558 1500 SIDONIUS
585 1462 838 1500 PETRONIO
866 1463 961 1500 SUO
989 1463 1233 1501 SALUTEM.

182 1538 221 1581 1.
258 1540 402 1595 Audio,
440 1540 547 1593 quod
580 1539 810 1580 lectitandis
843 1540 1028 1593 epistulis
1060 1542 1163 1581 meis
1195 1540 1477 1594 voluptuosam
1498 1552 1533 1578 ιο

86 1602 324 1654 patientiam
361 1600 570 1653 inpendas.
628 1612 818 1653 magnum
853 1601 930 1641 hoc
964 1606 1026 1642 est
1058 1606 1099 1641 et
1130 1601 1358 1641 litterarum
1389 1603 1476 1641 viro

87 1663 535 1715 convenientissimum,
567 1673 660 1701 cum
693 1661 840 1701 studiis
872 1663 959 1714 ipse
992 1663 1193 1702 maxumis
1225 1661 1397 1716 polleas,
1430 1675 1477 1702 ea

85 1723 129 1762 in
167 1721 258 1762 aliis
299 1723 422 1762 etiam
458 1722 626 1762 minima
664 1721 888 1774 complecti.
946 1722 1017 1762 sed
1057 1734 1106 1762 ex
1143 1722 1220 1762 hoc
1258 1724 1347 1775 ipso
1381 1734 1476 1762 con-

87 1783 402 1823 summatissima
439 1782 516 1822 tibi
554 1782 681 1835 gloria
713 1782 1025 1836 reponderatur3
1067 1795 1161 1822 nam
1195 1784 1292 1822 satis
1325 1784 1477 1823 eminet

85 1844 245 1884 meritis
277 1844 431 1896 ingenii
461 1844 638 1896 proprii,
677 1844 743 1895 qui
776 1843 902 1883 fuerit
933 1843 1065 1883 fautor
1096 1842 1230 1883 alieni.
1293 1842 1333 1884 2.
1367 1855 1476 1883 com·
1497 1854 1532 1881 15

84 1903 232 1944 mendo
270 1902 499 1944 Vindicium
543 1905 818 1944 necessarium
864 1916 1022 1958 meum,
1066 1905 1198 1944 virum
1240 1903 1476 1956 religiosum

86 1969 127 2004 et
157 1963 342 2004 leviticae
376 1964 574 2018 dignitati,
606 1976 726 2016 quam
758 1976 891 2017 nuper
921 1964 1112 2017 indeptus
1145 1969 1219 2017 est,
1251 1976 1475 2004 accommo-

85 2024 353 2065 datissimum.
392 2025 458 2064 cui
477 2026 579 2064 meis
600 2037 621 2064 e
644 2024 911 2077 pugillaribus
931 2025 1154 2065 transferre
1175 2036 1277 2077 quae
1298 2026 1476 2065 iusseras

85 2097 167 2125 non
194 2097 353 2139 vacans,
379 2097 576 2138 proquam
596 2086 803 2138 provincia
824 2085 912 2139 suit,
938 2085 1004 2126 hic
1030 2085 1144 2125 vobis
1165 2084 1317 2138 aliquid
1337 2087 1475 2126 nenia-

184 2229 206 2262 6
231 2227 363 2262 tamen
388 2236 459 2271 par
487 2224 520 2262 Ο
538 2229 573 2262 et
598 2227 729 2273 priore
754 2227 832 2263 ord.
859 2231 1003 2263 mutato
1028 2226 1091 2262 M¹
1122 2227 1135 2272 u
1167 2230 1186 2261 7
1215 2227 1275 2262 est
1305 2237 1374 2264 om.
1403 2226 1436 2264 0
1461 2228 1474 2274 ΙΙ

87 2278 110 2310 8
130 2278 218 2321 post
241 2284 331 2310 vero
358 2274 423 2322 leq.
450 2275 577 2310 vestre
602 2275 647 2310 in
672 2274 715 2320 T,
741 2275 895 2311 vestrae
921 2286 949 2312 s.
978 2275 1000 2311 l.
1028 2275 1114 2311 add.
1142 2274 1208 2310 M²
1235 2277 1248 2321 u
1279 2278 1301 2311 9
1326 2274 1475 2321 petreio

89 2321 149 2368 01
169 2326 214 2359 16
239 2321 497 2359 necessatium
517 2333 644 2358 meum
663 2322 871 2359 vinditium
888 2323 920 2360 0
934 2325 946 2370 ΙΙ
968 2327 1012 2358 19
1033 2334 1221 2369 proquam
1237 2322 1474 2370 Gustafsson,

86 2380 271 2425 perquam
297 2371 401 2408 codd.
426 2373 436 2427 Ι.
458 2370 658 2427 provincia
684 2373 723 2415 (a
747 2372 839 2426 fort..
862 2383 956 2426 corr.
984 2382 1030 2408 ex
1056 2376 1079 2407 a.
1104 2372 1147 2408 in
1172 2371 1223 2407 Μ
1226 2371 1344 2418 >LM
1345 2401 1357 2418 ,
1388 2383 1474 2418 pro-

87 2419 213 2454 vintia.
237 2420 275 2466 (a
300 2430 393 2457 corr.
420 2431 464 2455 m
489 2430 512 2454 a
538 2419 583 2454 N
586 2419 663 2463 ¹)N
668 2419 707 2465 Ο,
731 2422 967 2466 provintiam
996 2420 1030 2455 T
1046 2422 1058 2466 11
