1592 2612
87 816 121 841 10

83 1420 118 1446 20

148 159 234 201 174
626 154 773 190 LIBER
798 152 1034 191 OCTAVUS.

143 260 275 300 machi
308 259 469 299 schedio
502 258 730 311 exscripsit,
762 257 856 309 quia
888 257 1080 307 iusseras,
1112 254 1224 308 misi3
1263 265 1396 307 quam,
1428 252 1526 293 dum

143 333 287 374 parere
320 320 484 372 festino,
527 317 714 358 celeriter
753 318 874 357 eiecit
904 317 948 355 in
978 313 1289 355 tumultuarium
1321 313 1528 367 exemplar

143 380 303 421 turbida
336 385 375 419 et
405 390 598 432 praeceps
631 382 671 417 et
703 376 827 430 Opica
858 375 1080 417 translatio.
1138 386 1271 427 neque
1302 374 1404 414 mihi
1435 386 1523 415 rem

144 441 296 481 credito
330 440 560 479 diuturnius
593 437 836 478 elaboratam
867 438 964 477 vitio
1003 440 1154 476 vertas:
1192 447 1286 475 nam
1324 435 1421 475 dum
1457 447 1524 476 me

142 503 272 541 tenuit
303 499 504 540 inclusum
535 511 648 538 mora
674 500 879 539 moenium
911 496 1182 550 Livianorum,
1221 497 1337 536 cuius
1369 497 1525 536 incom-

142 561 251 601 modi
289 561 409 600 finem
450 565 542 613 post
583 572 700 612 opem
739 559 890 599 Christi
932 557 1009 597 tibi
1054 556 1200 611 debeo,
1244 568 1326 596 non
1367 555 1527 597 valebat

142 623 250 662 curis
283 622 438 661 animus
472 633 591 672 aeger
630 619 762 659 saltim
802 619 1004 659 saltuatim
1041 617 1236 658 tradenda
1267 629 1525 671 percurrere,

140 694 246 722 1111116
278 694 351 734 per
382 686 579 721 nocturna
619 681 810 733 suspiria,
856 691 963 720 nunc
1001 691 1075 731 per
1113 677 1258 718 diurna
1296 677 1430 718 officia
1462 677 1522 717 di-

142 744 316 782 strictus.
368 740 406 782 2.
435 741 482 781 3(1
508 741 585 781 1106
608 745 660 795 61,
687 753 779 781 cum
804 752 869 780 me
896 740 1159 792 defetigatum
1186 737 1235 779 ab
1262 737 1445 778 excubiis
1471 738 1521 778 ad

141 802 417 842 devorsorium
450 801 808 854 crepusculascens
833 801 932 840 hora
958 804 1228 853 revocaverat,
1259 799 1325 838 vix
1352 797 1525 839 dabatur

139 862 358 903 luminibus
391 863 550 902 inflexis
582 861 746 915 parvula
785 863 919 915 quies3
957 873 1051 901 nam
1083 860 1218 912 fragor
1249 858 1362 914 ilico,
1399 871 1523 912 quem

138 923 350 963 movebant
382 924 604 963 vicinantes
637 922 830 975 impluvio
864 921 1042 962 cubiculi
1072 922 1155 960 mei
1180 920 1282 960 duae
1310 921 1522 973 quaepiam

139 983 301 1023 Getides
335 996 447 1037 anus,
487 983 633 1036 quihus
671 983 729 1023 nil
759 995 952 1035 umquam
984 981 1202 1034 litigiosius
1239 979 1422 1021 bibacius
1453 992 1522 1020 vo-

139 1045 291 1084 macius
325 1045 412 1084 erit.
477 1057 590 1097 sane,
629 1056 721 1083 cum
759 1045 937 1097 primum
969 1042 1111 1083 reduci
1143 1041 1296 1094 aliquid
1329 1042 1402 1081 otii
1433 1041 1525 1096 fuit,

103 1118 119 1143 5
140 1104 353 1157 inpolitum
396 1104 503 1145 hunc
548 1104 903 1157 semicrudumque
949 1107 1006 1157 et,
1050 1107 1096 1143 ut
1139 1104 1272 1155 aiunt,
1316 1106 1522 1155 tamquam

138 1169 339 1205 musteum
366 1164 512 1205 librum
538 1165 629 1218 plus
656 1165 849 1205 desiderii
873 1165 935 1204 tui
961 1176 1082 1216 quam
1108 1163 1231 1203 officii
1257 1163 1339 1202 mei
1364 1174 1524 1202 memor

140 1225 275 1265 obtuli.
329 1224 366 1265 3.
395 1227 581 1278 quocirca
610 1238 758 1279 sepone
782 1226 982 1278 tantisper
999 1223 1186 1277 Pythicas
1213 1222 1348 1263 lauros
1367 1222 1522 1276 Hippo-

138 1298 367 1338 crenenque
401 1291 440 1325 et
471 1286 560 1326 illos
593 1288 818 1326 carminum
849 1285 991 1326 modos
1017 1284 1093 1325 tibi
1124 1285 1196 1324 uni
1223 1288 1381 1324 tantum
1406 1284 1521 1336 peni-

136 1347 294 1386 tissime
327 1346 555 1400 familiares,
589 1348 658 1399 qui
690 1352 827 1387 tamen
859 1346 1008 1399 doctis,
1039 1349 1085 1385 ut
1117 1357 1160 1384 65
1193 1345 1300 1398 ipse,
1331 1345 1521 1397 personis

137 1419 218 1446 non
250 1412 331 1446 tam
363 1407 471 1447 fonte
499 1420 617 1460 quam
650 1408 781 1447 fronte
815 1406 1021 1448 sudantur.
1075 1404 1276 1458 suspende
1302 1403 1521 1457 perorandi

138 1466 235 1506 illud
269 1479 426 1520 quoque
454 1467 763 1508 celeberrimum
796 1468 959 1521 flumen,
993 1466 1100 1519 quod
1126 1478 1208 1506 non
1234 1464 1365 1506 solum
1390 1465 1520 1518 genti-

136 1526 276 1566 licium
308 1528 378 1567 sed
418 1528 683 1568 domesticum
722 1528 797 1568 tibi
830 1527 1017 1581 quodque
1050 1528 1094 1567 in
1125 1531 1240 1566 tuum
1271 1530 1414 1579 pectus
1445 1537 1520 1578 per

138 1588 347 1628 succiduas
380 1593 529 1628 aetates
563 1589 611 1628 ab
638 1594 749 1629 atavo
777 1588 980 1629 Frontone
1005 1586 1315 1628 transfunditur.
1367 1597 1518 1638 sepone

136 1648 397 1700 pauxillulum
425 1648 808 1689 conclamatissimas
829 1649 1155 1702 declamationes,
1188 1659 1288 1700 quas
1312 1647 1395 1686 oris
1414 1647 1519 1698 regii

83 1721 117 1746 :25
136 1709 221 1748 vice
256 1709 438 1762 conficis,
478 1709 624 1761 quihus
656 1711 742 1762 ipse
781 1723 852 1750 rex
884 1709 1049 1749 inclitus
1087 1707 1207 1749 modo
1246 1706 1367 1748 corda
1399 1707 1518 1747 terri-

82 2021 117 2047 30

136 1769 227 1808 licat
271 1770 450 1821 gentium
494 1772 874 1823 transmarinarum,
919 1770 1037 1810 modo
1081 1769 1129 1809 de
1173 1769 1383 1821 superiore
1425 1779 1518 1807 cum

135 1827 316 1868 barbaris
356 1829 403 1868 ad
435 1829 625 1869 Vachalin
668 1830 937 1871 trementibus
981 1829 1124 1870 foedus
1167 1830 1297 1868 victor
1340 1827 1519 1881 innodat,

136 1889 253 1928 modo
287 1902 359 1941 per
390 1895 596 1941 promotae
628 1889 799 1930 limitem
831 1893 954 1931 sortis
986 1895 1032 1930 ut
1062 1889 1233 1943 populos
1273 1887 1347 1929 sub
1380 1888 1517 1941 armis,

137 1950 194 1988 sic
228 1949 357 1989 frenat
388 1962 497 1989 arma
536 1949 610 1990 sub
649 1950 817 2003 legibus.
880 1948 921 1991 4.
956 1962 1104 1991 exuere
1136 1954 1356 2002 utcumque
1388 1949 1516 1989 conti-

136 2010 386 2049 nuatissimis
419 2011 527 2049 curis
561 2015 600 2050 et
633 2013 758 2051 otium
790 2017 906 2051 tuum
938 2011 1112 2051 molibus
1146 2009 1287 2050 aulicis
1319 2008 1515 2049 motibus-

136 2082 213 2122 que
253 2070 398 2109 furare.
461 2070 670 2110 historiam
708 2071 925 2124 flagitatam
963 2077 1060 2112 tunc
1098 2082 1366 2123 recognosces
1398 2081 1515 2122 opor-

232 2201 252 2232 2
278 2207 412 2242 parere
441 2199 549 2242 (corr.
577 2210 622 2234 ex
646 2209 780 2244 parare
807 2200 850 2235 N
854 2199 935 2244 ¹)N
946 2200 1036 2236 VM
1042 2200 1121 2245 GT,
1145 2209 1282 2245 parare
1302 2198 1338 2234 L
1346 2212 1360 2243 ‚·
1384 2198 1431 2242 cf.
1457 2209 1512 2244 ep.

133 2245 211 2291 IX,
230 2248 265 2290 9,
286 2249 311 2282 2
338 2256 471 2291 parere
490 2246 712 2291 properanti
731 2250 743 2293 ΙΙ
763 2252 783 2283 8
811 2247 1009 2283 districtus
1029 2249 1282 2294 Imetj0hann,
1308 2246 1514 2282 destrictus

133 2294 170 2329 L
195 2298 229 2330 et
256 2296 364 2338 (corr.
391 2295 435 2330 in
460 2293 666 2329 distractus
692 2299 735 2331 ut
752 2307 785 2331 v.
807 2295 943 2341 N2)N,
970 2296 1179 2332 distraetus
1198 2299 1257 2342 (65
1277 2295 1320 2330 in
1338 2293 1413 2330 rasj
1428 2293 1515 2340 M1)
1581 2327 1585 2329 .

133 2342 185 2377 M
189 2342 259 2378 GT
275 2344 286 2388 ΙΙ
309 2347 352 2377 16
378 2343 570 2377 musteum
595 2342 752 2390 librum]
779 2344 824 2388 cf.
854 2344 958 2381 Ptin.
983 2357 1037 2391 ep.
1067 2345 1183 2390 VIII,
1200 2347 1263 2389 21,
1282 2346 1307 2379 6
1325 2344 1337 2389 ΙΙ
1358 2346 1402 2378 19
1429 2341 1516 2388 ipsa.

133 2391 170 2426 L
197 2393 209 2437 ss
238 2394 282 2426 21
309 2390 450 2426 flumen
479 2390 575 2436 CM,
602 2390 664 2426 vel
689 2390 834 2427 fulmen
859 2404 885 2428 s.
916 2393 937 2428 ῖ.
966 2394 1051 2429 add.
1080 2393 1156 2438 M1,
1181 2392 1327 2428 fulmen
1352 2390 1481 2427 LNT
1502 2389 1516 2438 Η

133 2442 180 2475 24
206 2438 603 2475 conclamantissimas
629 2442 735 2486 (post.
762 2452 788 2474 n
814 2451 905 2477 eras.
929 2441 1104 2486 1111)Μο
1119 2444 1131 2488 ss
1151 2444 1196 2477 27
1222 2438 1375 2476 vacalin
1402 2439 1460 2485 011
