1592 2612
0 126 18 150 z>

0 152 13 187 ’Β

0 195 7 227 ζ

345 133 576 172 SIDOMUS
601 133 854 171 EUTROPIO
880 132 975 170 SUO
1002 132 1246 170 SALUTEM.
1431 131 1491 175 59

102 237 219 278 fundi
255 238 386 290 ipsius
422 238 636 290 integritas
675 236 848 277 familiae
889 249 984 276 suae
1023 236 1248 276 dominium
1285 247 1416 288 usque
1447 236 1491 275 in

101 297 260 339 obitum
290 299 427 338 vitrici
457 310 589 351 nuper
619 299 700 338 vita
733 297 968 338 decedentis
1001 298 1175 351 aspexit3
1214 309 1322 336 nunc
1355 301 1491 336 autem

101 360 164 400 vir
195 358 319 399 alieni
354 370 438 399 non
469 363 682 412 appetens,
722 359 786 398 sui
817 370 964 411 parcus
996 358 1268 411 possessionis
1301 358 1490 410 antiquae

101 432 126 460 a
152 432 196 460 se
221 418 418 460 alienatae
443 432 527 460 non
550 423 633 459 tam
660 419 806 459 damno
833 420 996 472 angitur
1022 431 1143 471 quam
1168 418 1343 472 pudore;
1369 430 1491 470 quam

101 485 148 521 ut
178 480 380 521 redimere
421 484 608 534 conetur,
647 492 729 520 non
761 481 951 520 avaritiae
985 481 1083 519 vitio
1117 479 1188 520 sed
1221 478 1490 519 verecundiae
1528 487 1547 515 5

101 542 345 582 necessitate
390 540 656 594 compellitur.
728 538 767 581 3.
806 540 987 581 tribuere
1032 540 1199 593 dignare
1244 540 1348 580 votis
1394 540 1492 593 suis,

101 601 294 655 precibus
326 603 440 656 meis,
472 601 655 642 moribus
688 603 782 655 tuis,
814 606 859 641 ut
888 601 938 641 ad
965 601 1210 641 soliditatem
1236 602 1345 640 ruris
1372 601 1492 640 istius

100 667 142 703 te
173 663 453 716 patrocinante
485 664 713 716 perveniat,
752 663 818 702 cui
850 674 937 702 rem
969 667 1185 715 parentum
1218 660 1377 713 sibique
1409 673 1492 700 non

100 722 234 764 solum
271 728 408 763 notam
446 735 587 763 verum
626 725 748 763 etiam
789 724 898 763 inter
934 722 1123 763 lactantis
1154 722 1346 762 infantiae
1380 721 1491 762 rudi-

98 789 236 824 menta
267 788 466 837 reptatam
493 785 598 824 sicut
624 785 828 836 recepisse
855 796 998 836 parum
1025 784 1292 836 fructuosum,
1324 784 1382 822 sic
1409 794 1491 822 non
1512 782 1547 818 16

100 845 326 885 emeruisse
365 845 487 884 nimis
526 844 686 884 videtur
723 846 925 897 ignavum.
989 857 1063 897 ego
1102 856 1198 883 vero
1230 848 1388 883 tantum
1420 842 1491 882 ob·

102 906 279 958 stringar
309 904 492 958 indultis,
524 918 570 945 ac
603 907 638 945 si
669 917 782 945 meae
809 905 993 958 proficiat
1019 904 1281 958 peculiariter
1305 905 1491 957 proprie-

99 967 191 1020 tati,
230 965 424 1018 quicquid
461 978 578 1006 meus
610 971 739 1006 aetate
779 966 904 1005 frater
941 966 1196 1019 professione
1237 964 1362 1018 filius,
1402 964 1490 1004 loco

101 1027 201 1066 civis
233 1025 312 1066 fide
345 1028 500 1066 amicus
532 1028 746 1079 acceperit.
797 1025 896 1066 vale.

758 1192 835 1237 VI.

350 1275 579 1313 SIDONIUS
604 1275 853 1312 EUTROPIO
881 1275 975 1312 SUO
1002 1275 1245 1312 SALUTEM.
1511 1289 1547 1315 15

194 1351 232 1394 1.
267 1353 310 1394 Si
335 1355 484 1394 veteris
511 1353 751 1408 commilitii,
783 1354 819 1392 si
845 1353 1038 1406 deinceps
1065 1355 1276 1393 innovatae
1303 1365 1377 1405 per
1403 1352 1490 1392 dies

99 1416 252 1467 gratiae
296 1414 400 1454 bene
442 1415 485 1454 in
522 1415 844 1467 praesentiarum
890 1414 991 1454 fides
1029 1419 1163 1454 vestra
1201 1414 1491 1466 reminiscitur,

99 1475 283 1527 profecto
315 1474 551 1527 intellegitis
584 1479 629 1514 ut
660 1487 730 1514 vos
763 1474 811 1514 ad
845 1474 1087 1527 dignitatum
1121 1476 1179 1514 510
1206 1487 1280 1514 1105
1307 1473 1356 1514 ad
1383 1474 1490 1514 desi-

103 1535 311 1575 deriorum
343 1534 519 1575 eulmina
551 1535 782 1575 ascendere.
838 1536 893 1575 ita
924 1547 1098 1588 namque
1132 1534 1310 1575 fascibus
1342 1536 1490 1574 vestris

100 1601 308 1648 gratamur
339 1608 493 1649 omnes,
526 1601 570 1635 ut
602 1601 778 1635 erectam
809 1607 883 1647 per
915 1595 1005 1635 illos
1039 1608 1121 1635 non
1153 1597 1281 1648 magis
1313 1600 1489 1635 vestram
1510 1605 1547 1631 20

101 1656 267 1697 domum
306 1668 426 1709 quam
468 1661 648 1695 nostram
690 1657 908 1695 amicitiam
951 1668 1200 1696 censeamus.
1270 1657 1388 1695 testis
1428 1662 1491 1696 est

99 1716 169 1757 ille
207 1721 421 1771 tractatus,
465 1718 507 1756 111
553 1729 632 1769 quo
672 1716 964 1756 exhortationis
1004 1729 1117 1756 meae
1156 1729 1238 1756 non
1275 1717 1491 1756 minimum

102 1779 364 1818 incitamenta
395 1776 619 1817 valuerunt.
681 1775 720 1817 2.
754 1776 902 1830 quibus
934 1778 999 1816 vix
1030 1778 1222 1830 potuistis
1255 1776 1412 1830 adduci,
1445 1782 1490 1817 ut

100 1838 398 1891 praefecturam
430 1837 708 1891 philosophiae
741 1839 977 1891 iungeretis,
1009 1850 1102 1878 cum
1134 1850 1205 1876 vos
1231 1839 1491 1877 consectanei

102 1900 230 1939 vestri
265 1898 414 1939 Plotini
459 1898 714 1951 dogmatibus
759 1898 1018 1938 inhaerentes
1057 1898 1105 1938 ad
1144 1897 1389 1951 profundum
1428 1899 1490 1938 111-
1509 1907 1544 1934 25

104 1960 366 2012 tempestivae
394 1960 543 2012 quietis
570 1960 698 1999 otium
724 1958 1024 1999 Platonicorum
1049 1958 1249 2012 palaestra
1275 1960 1490 2012 rapuisset,

102 2021 219 2060 cuius
252 2019 488 2073 disciplinae
521 2024 618 2060 tunc
651 2020 736 2059 fore
770 2019 954 2060 adstruxi
985 2018 1154 2059 liberam
1180 2019 1489 2073 professionem,

103 2093 196 2121 cum
227 2079 285 2120 nil
317 2079 491 2120 familiae
523 2079 747 2120 debuisses.
797 2092 919 2132 porro
947 2085 1081 2120 autem
1113 2079 1291 2119 desidiae
1318 2080 1490 2120 vicinior

102 2139 319 2194 putabatur
351 2145 608 2193 contemptus
640 2140 707 2180 ille
733 2140 913 2195 militiae,
946 2140 995 2180 ad
1023 2153 1143 2193 quam
1169 2141 1352 2179 iactitant
1377 2139 1490 2180 lividi

103 2200 303 2241 bonarum
334 2202 509 2254 partium
543 2202 651 2240 viros
682 2213 764 2241 non
796 2214 915 2254 posse
948 2202 1083 2254 potius
1114 2213 1234 2253 quam
1260 2200 1366 2240 nolle
1394 2213 1488 2241 con·
1508 2216 1545 2244 3⁰

202 2333 222 2364 1
248 2328 363 2365 istius
383 2330 623 2375 Luetjohawn
641 2331 653 2376 ΙΙ
674 2333 718 2365 15
744 2334 859 2366 totam
878 2341 932 2376 ep.
962 2330 1023 2365 VI
1037 2341 1104 2365 om.
1128 2329 1162 2364 T
1181 2330 1187 2374 Ι
1209 2329 1490 2376 inscriptionem

102 2389 141 2413 u.
166 2388 200 2414 v.
225 2389 259 2414 v.
286 2389 353 2414 om.
375 2378 412 2413 L
439 2380 451 2422 u
480 2380 526 2413 28
553 2377 753 2414 debuisses
780 2378 940 2422 LVM1,
968 2377 1166 2413 debuisset
1194 2377 1226 2414 0
1246 2382 1281 2414 et
1307 2380 1416 2423 (corr.
1444 2390 1490 2414 ex

103 2424 302 2462 debuisses
329 2426 373 2462 N
376 2426 458 2471 ¹)N
460 2426 525 2462 Μ’
542 2428 556 2472 ss
