1592 2612
137 106 197 150 50
605 101 752 137 LIBER
778 99 1044 137 SECUNDUS.

136 212 228 248 vota
259 210 506 260 pervenerat.
572 216 742 256 cumque
775 202 878 242 mole
913 213 1103 242 curarum
1134 201 1331 253 pristinae
1365 200 1515 252 quietis

137 273 275 308 tenere
322 267 548 306 dimensum
591 264 894 317 prohiberetur,
938 263 1087 302 veteris
1133 265 1313 301 actutum
1351 259 1515 313 regulae

137 327 293 381 legibus
326 327 569 367 renuntiavit
607 330 724 377 atque
763 324 970 376 perspexit
1002 323 1154 375 pariter
1186 323 1246 362 ire
1278 333 1362 361 non
1393 333 1515 374 posse

137 389 343 441 negotium
375 387 570 440 principis
604 390 644 425 et
675 386 801 425 otium
836 385 1044 424 senatoris.
1104 379 1143 423 5.
1176 394 1252 422 nec
1284 381 1519 422 fefellerunt

102 460 120 487 5
138 449 270 489 futura
307 452 571 500 maerentem3
610 458 782 498 namque
823 457 914 484 cum
953 448 1109 484 ceteros
1149 442 1300 484 aulicos
1338 443 1517 483 honores

136 508 467 562 tranquillissime
506 508 794 560 percurrisset,
833 507 962 558 ipsam
1000 504 1130 545 aulam
1162 502 1516 544 turbulentissime

136 571 241 610 rexit
284 570 390 608 inter
437 567 633 608 tumultus
678 566 852 606 militum
895 564 1152 618 popularium
1197 564 1517 618 foederatorum3

137 630 241 683 quod
274 634 314 669 et
346 630 476 668 exitus
508 627 685 680 prodidit
717 639 844 667 novus
872 626 980 666 celer
1006 625 1189 679 acerbus,
1222 637 1344 678 quem
1370 637 1514 665 cruen-

135 692 234 731 tavit
264 689 463 729 Fortunae
497 688 566 728 diu
597 687 865 728 lenocinantis
897 686 1077 740 perfidus
1110 686 1214 739 finis,
1248 698 1351 739 quae
1383 687 1517 726 virum

82 765 118 791 10
137 755 181 791 ut
213 751 393 802 scorpios
425 748 566 789 ultima
599 750 662 788 sui
693 753 806 801 parte
839 748 1052 800 percussit.
1110 746 1245 787 dicere
1273 745 1429 787 solebat
1453 747 1517 786 vir

135 811 334 851 litteratus
379 815 497 862 atque
543 808 593 848 ob
638 810 793 861 ingenii
829 809 973 848 merita
1019 808 1293 861 quaestorius,
1338 808 1516 860 partium

136 876 243 912 certe
281 871 477 911 honarum
514 882 608 922 pars
646 882 807 923 magna,
852 868 1106 922 Fulgentius,
1152 881 1221 908 ore
1255 880 1298 908 se
1339 880 1388 908 ex
1426 869 1517 908 eius

136 932 369 985 frequenter
402 931 580 984 audisse,
620 942 711 969 cum
749 942 919 982 perosus
951 929 1109 982 pondus
1142 929 1304 982 imperii
1335 933 1516 969 veterem

139 993 394 1032 securitatem
435 990 699 1030 desideraret:
742 987 918 1029 efelicem
956 994 1015 1043 te,
1059 989 1286 1042 Damocles,
1325 990 1396 1042 qui
1433 1001 1516 1029 non

82 1065 119 1093 15
137 1065 217 1093 uno
244 1051 402 1104 longius
428 1051 596 1103 prandio
623 1051 738 1102 regni
763 1051 1048 1090 necessitatem
1074 1047 1326 1089 toleravisti.'
1371 1048 1410 1091 6.
1433 1051 1516 1090 iste

138 1114 257 1166 enim,
288 1116 334 1152 ut
365 1111 548 1164 legimus,
580 1110 787 1150 Damocles
820 1111 1026 1163 provincia
1060 1109 1232 1164 Siculus,
1264 1109 1364 1150 urbe
1399 1110 1516 1163 Syra-

138 1185 322 1226 cusanus,
355 1171 562 1211 familiaris
594 1175 764 1223 tyranno
791 1170 981 1223 Dionysio
1015 1171 1100 1211 fuit.
1153 1172 1223 1223 qui
1255 1183 1347 1211 cum
1376 1172 1517 1210 nimiis

138 1233 323 1274 laudibus
349 1231 453 1271 bona
478 1233 638 1284 patroni
663 1236 708 1271 ut
734 1236 867 1271 cetera
894 1230 1048 1271 scilicet
1073 1232 1308 1284 inexpertus
1333 1231 1515 1272 efferret:

139 1289 244 1348 ‘vis',
282 1294 413 1345 inquit
444 1291 677 1345 Dionysius,
710 1288 844 1331 ‘hodie
879 1291 1013 1331 saltim
1046 1293 1089 1331 in
1120 1291 1195 1331 hac
1228 1304 1367 1332 mensa
1398 1291 1516 1332 bonis

85 1369 121 1396 20
139 1355 241 1394 meis
273 1354 424 1406 pariter
456 1365 501 1392 ac
532 1351 649 1392 malis
680 1349 786 1392 uti‘?'
832 1349 1031 1406 ‘libenter,
1063 1348 1256 1405 inquam.'
1319 1357 1416 1393 tunc
1447 1352 1517 1393 ille

139 1414 351 1454 confestim
377 1412 526 1452 laetum
560 1412 747 1452 clientem
780 1425 1023 1465 quamquam
1050 1417 1090 1452 et
1116 1414 1330 1453 attonitum
1355 1413 1517 1466 plebeio

137 1475 313 1527 tegmine
353 1477 491 1526 erepto
536 1474 702 1513 muricis
742 1473 852 1526 Tyrii
896 1485 968 1513 seu
1009 1473 1219 1513 Tarentini
1264 1473 1517 1527 conchyliato

139 1535 239 1574 ditat
283 1534 426 1573 indutu
464 1538 503 1573 et
541 1534 794 1574 renidentem
833 1535 1003 1586 gemmis
1042 1535 1354 1587 margaritisque
1393 1546 1518 1575 aureo

138 1594 239 1635 lecto
274 1595 525 1646 sericatoque
557 1596 773 1634 toreumati
804 1596 986 1647 imponit.
1039 1594 1076 1636 7.
1111 1607 1282 1647 cumque
1315 1607 1515 1648 pransuro

83 1669 119 1698 25
140 1654 505 1707 Sardanapallicum
531 1655 572 1693 in
597 1667 752 1694 morem
778 1657 893 1707 panis
920 1655 1084 1695 daretur
1111 1668 1132 1695 e
1156 1654 1352 1695 Leontina
1379 1660 1517 1708 segete

139 1715 363 1768 confectus,
401 1716 567 1767 insuper
607 1715 728 1767 dapes
762 1715 891 1755 cultae
925 1715 1089 1755 ferculis
1122 1715 1361 1756 cultioribus
1394 1728 1517 1769 appo-

138 1780 352 1828 nerentur,
390 1780 624 1827 spumarent
654 1774 823 1815 Falerno
859 1788 1038 1828 gemmae
1072 1788 1239 1828 capaces
1272 1777 1395 1829 inque
1428 1789 1517 1830 cry-

140 1835 267 1876 stallis
306 1835 482 1875 calerent
519 1840 723 1887 unguenta
762 1835 1014 1890 glacialibus,
1052 1835 1131 1876 huc
1165 1836 1298 1876 suffita
1331 1838 1518 1877 cinnamo

139 1909 186 1936 ac
229 1901 318 1936 ture
364 1896 519 1935 cenatio
563 1901 771 1948 spargeret
811 1897 1048 1948 peregrinos
1087 1896 1253 1936 naribus
1293 1897 1437 1937 odores
1476 1902 1519 1937 et

81 1972 121 1999 30
140 1956 417 1997 madescentes
450 1955 574 1995 nardo
608 1955 772 2008 capillos
806 1957 1048 1996 circumfusa
1080 1957 1226 1997 florum
1258 1961 1366 1998 serta
1393 1959 1517 1998 sicca-

137 2021 241 2070 rent,
274 2016 406 2068 coepit
438 2028 558 2068 supra
591 2020 749 2068 tergum
782 2018 840 2057 sic
872 2017 1147 2057 recumbentis
1173 2022 1340 2070 repente
1365 2017 1518 2058 vibrari

139 2089 281 2117 mucro
315 2075 531 2116 destrictus
565 2089 585 2116 e
618 2075 886 2132 lacunaribus,
920 2079 989 2130 qui
1020 2078 1230 2118 videbatur
1263 2079 1305 2118 in
1335 2078 1518 2131 iugulum

234 2243 279 2276 10
306 2239 473 2286 scorpios
501 2240 546 2286 L,
580 2242 749 2286 scorpius
775 2242 821 2278 N
823 2243 874 2278 M
879 2242 949 2279 GT
969 2243 974 2288 1
998 2242 1057 2278 sui
1082 2242 1222 2278 ultima
1251 2243 1309 2290 011
1331 2246 1374 2278 19
1399 2243 1515 2280 hodie

135 2287 331 2334 dionysius
345 2288 382 2325 L
399 2290 412 2332 ΙΙ
431 2292 478 2324 20
503 2288 659 2333 inquam
674 2290 788 2336 LN1,
815 2290 942 2335 inquit
956 2292 1052 2337 MT,
1079 2291 1214 2337 inquid
1228 2291 1271 2327 N
1273 2290 1288 2312 ²
1301 2291 1332 2328 O
1345 2293 1358 2337 ΙΙ
1377 2295 1423 2327 28
1442 2293 1518 2328 huc

133 2336 588 2432 cLaflValfikffipeolfMGT
604 2340 616 2385 ΙΙ
636 2341 681 2373 30
708 2343 793 2375 ante
819 2338 1049 2376 circumfusa,
1075 2341 1140 2387 leq.
1168 2341 1207 2375 et
1233 2341 1276 2376 in
1301 2341 1338 2377 L
1357 2342 1368 2387 ΙΙ
1389 2343 1433 2376 32
1460 2341 1518 2377 lu-
