1592 2612
341 124 573 162 SIDONIUS
588 123 830 161 -NAMATIO
858 123 952 161 SUO
979 124 1224 162 SALUTEM.
1390 124 1478 168 179

86 228 189 268 tium
229 228 416 281 protinus
456 228 784 280 circumspexere
822 228 1049 281 conspecti,
1094 228 1164 280 qui
1202 239 1285 267 non
1325 228 1478 267 sensim

86 287 398 342 singulatimque
444 287 515 328 sed
559 286 835 328 tumultuatim
879 288 1032 340 petitus
1077 292 1118 328 et
1162 289 1343 328 cunctim
1384 300 1477 329 cum

85 348 260 402 quodam
297 348 464 402 prologo
502 348 672 401 pudoris
709 347 866 388 vultum
907 347 1090 388 modeste
1130 348 1333 389 demissus
1365 349 1477 389 inru-

81 409 182 450 buit.
245 413 365 463 atque
407 408 458 449 ob
489 408 567 449 hoc
605 408 666 448 illi
696 410 917 449 maximum
949 408 1098 462 sophos
1130 421 1213 449 non
1245 408 1477 462 eloquentia

81 471 197 523 prius
229 482 350 523 quam
380 469 626 510 verecundia
656 469 779 510 dedit.
837 469 939 510 dixit
971 469 1167 523 disposite
1200 471 1377 523 graviter
1409 482 1471 510 ar-
1511 483 1529 510 5

81 530 237 586 denter,
261 542 406 584 magna
425 531 647 571 acrimonia
667 531 820 571 maiore
840 530 1028 571 facundia
1047 532 1222 570 maxima
1243 530 1470 586 disciplina,

84 596 125 632 et
156 590 267 632 illam
299 591 485 632 Sarranis
519 590 675 631 ebriam
708 592 817 631 sucis
849 592 959 631 inter
996 592 1236 644 crepitantia
1268 596 1477 644 segmenta

83 651 301 705 palmatam
341 651 433 705 plus
474 653 584 705 picta
622 653 822 705 oratione,
866 651 958 705 plus
998 664 1120 692 aurea
1158 654 1476 693 convenustavit.

84 711 123 752 7.
159 725 235 766 per
266 714 402 766 ipsum
441 712 527 752 fere
559 718 739 766 tempus,
778 718 822 753 ut
861 712 1183 753 decemviraliter
1213 712 1373 767 loquar,
1411 712 1475 753 lex

85 772 135 813 de
167 774 491 826 praescriptione
523 774 715 813 tricennii
747 773 879 813 fuerat
909 774 1190 828 proquiritata,
1233 775 1350 814 cuius
1381 786 1474 826 per·
1495 787 1530 813 10

81 835 296 887 emptoriis
328 833 476 874 abolita
506 833 683 874 rubricis
710 833 760 873 lis
788 835 920 874 omnis
947 835 989 874 in
1015 839 1175 874 sextum
1200 838 1329 874 tracta
1356 835 1471 887 quin-

75 895 300 947 quennium
331 893 638 934 terminabatur.
689 894 794 934 hanc
826 895 933 934 intra
966 893 1115 934 Gallias
1147 899 1240 935 ante
1271 896 1471 935 nescitam

74 955 252 1010 primus,
297 967 418 1008 quem
462 954 686 1009 loquimur,
737 960 873 995 orator
917 954 1066 995 indidit
1109 955 1470 1008 prosecutionibus

74 1015 203 1056 edidit
233 1014 526 1070 tribunalibus,
562 1015 744 1068 prodidit
779 1015 963 1068 partibus
1003 1015 1158 1056 addidit
1194 1015 1346 1070 titulis,
1385 1016 1466 1056 fre-

75 1080 224 1129 quente
270 1081 471 1116 conventu
514 1088 606 1116 raro
653 1076 838 1130 sedente,
882 1077 1024 1130 paucis
1068 1077 1284 1117 sententiis
1324 1076 1464 1117 multis
1484 1088 1520 1115 15

72 1136 271 1177 laudibus.
337 1135 375 1178 8.
408 1141 571 1190 praeter
602 1137 680 1177 ista
711 1149 786 1190 per
817 1136 915 1177 alias
946 1138 1056 1177 vices
1089 1136 1316 1177 doctrinam
1343 1137 1466 1192 illius,

73 1209 154 1251 quo
184 1209 298 1238 more
331 1198 452 1238 citius
483 1197 603 1237 homo
637 1197 820 1252 discitur,
851 1197 1134 1238 inobservatus
1167 1198 1329 1251 inspexi
1354 1202 1466 1252 tunc,

73 1270 166 1299 cum
211 1270 313 1311 quae
357 1259 464 1310 regit
506 1259 737 1310 provincias
782 1257 960 1298 fascibus
998 1257 1209 1298 Nicetiano
1250 1264 1465 1311 regeretur

71 1322 325 1371 praefectura
370 1317 552 1359 consilio.
617 1319 714 1371 quid
752 1316 909 1359 multa‘?
952 1318 1011 1359 nil
1057 1319 1164 1372 quod
1206 1331 1289 1359 non
1326 1332 1463 1360 meum

72 1378 229 1433 vcllem,
260 1378 318 1418 nil
350 1378 457 1432 quod
489 1391 571 1418 non
603 1379 838 1433 admirarer,
873 1379 1020 1419 audivi.
1085 1377 1123 1419 9.
1157 1384 1325 1432 propter
1358 1392 1460 1433 quae
1481 1392 1518 1419 20

72 1440 206 1480 omnia
236 1439 342 1479 bona
373 1441 416 1478 in
448 1439 534 1479 viro
561 1440 637 1479 sita
663 1439 791 1480 laetor
817 1440 865 1479 ad
891 1444 1041 1492 puncta
1067 1442 1252 1480 censoris
1279 1442 1463 1482 omnium

68 1512 165 1540 voce
199 1498 482 1539 concelebrati.
533 1499 740 1552 granditer
771 1501 881 1540 enim
914 1512 985 1540 sua
1017 1501 1060 1540 in
1091 1502 1287 1540 utramvis
1314 1501 1363 1541 de
1390 1514 1455 1542 me

68 1561 303 1613 opinionem
334 1561 535 1600 sententia
566 1559 687 1613 valet3
721 1573 836 1613 quae,
869 1562 904 1600 si
929 1572 1025 1600 vera
1051 1562 1338 1615 comperimus,
1370 1567 1461 1602 tan-

68 1626 156 1661 tum
186 1620 288 1660 mihi
326 1625 389 1660 est
426 1620 564 1660 favens
603 1622 831 1674 securitati,
869 1625 1066 1673 quantum
1100 1621 1218 1661 fieret
1249 1621 1458 1662 adversata

68 1680 289 1722 formidini.
341 1680 391 1721 de
424 1685 560 1721 cetero
594 1681 718 1720 fixum
751 1681 856 1734 apud
889 1693 954 1721 me
988 1686 1066 1721 stat
1098 1683 1457 1737 constitutumque,
1478 1693 1513 1721 25

68 1746 189 1795 prout
220 1753 307 1782 rem
340 1754 389 1781 ex
422 1753 512 1781 asse
545 1753 783 1795 cognovero,
817 1741 880 1781 vel
913 1741 1075 1782 silentio
1108 1741 1194 1782 lora
1226 1741 1361 1782 laxare
1393 1742 1456 1783 vel

68 1803 270 1855 stringere
302 1802 415 1842 frena
454 1803 634 1854 garritui.
697 1814 871 1855 namque
911 1803 947 1842 si
980 1802 1203 1855 supradicti
1235 1803 1457 1843 confirmor

70 1875 259 1916 assensu,
298 1862 466 1903 Athenis
498 1861 719 1916 loquacior,
759 1864 794 1902 si
825 1864 980 1917 minus,
1018 1862 1192 1916 Amyclis
1231 1864 1332 1916 ipsis
1364 1865 1463 1904 taci-

66 1925 225 1963 turnior
263 1935 344 1964 ero,
411 1920 478 1963 10.
513 1922 583 1963 sed
621 1923 671 1963 de
710 1923 838 1963 sodali
877 1923 1008 1976 deque
1046 1935 1110 1963 me
1151 1924 1249 1963 satis
1287 1924 1455 1964 dictum.

66 1988 111 2024 tu
153 1996 261 2024 nunc
302 1985 409 2024 inter
448 1984 527 2023 ista
568 1983 665 2035 quid
706 1981 874 2024 rerum?
937 1996 1036 2036 quas
1082 1984 1182 2024 mihi
1227 1984 1276 2023 ad
1322 1986 1452 2024 vicem
1471 1996 1508 2023 30

66 2056 187 2084 nosse
220 2056 302 2084 non
333 2045 468 2084 minus
508 2043 630 2083 cordi.
694 2046 872 2098 venaris,
910 2044 1117 2098 aedificas,
1155 2043 1453 2085 rusticarisne?

67 2116 117 2144 an
148 2104 293 2144 horum
326 2104 478 2157 aliquid
511 2101 667 2144 unum?
702 2117 753 2144 an
786 2104 942 2158 singula
974 2102 1185 2145 vicissim?
1217 2117 1267 2144 an
1299 2106 1453 2157 pariter

68 2162 241 2205 cuncta?
290 2164 361 2205 sed
402 2164 451 2204 de
483 2163 664 2204 Vitruvio
704 2166 787 2205 sive
827 2164 1064 2219 Columella,
1104 2177 1176 2205 seu
1215 2164 1455 2206 alterutrum

66 2268 117 2303 M
123 2269 194 2304 GT
209 2270 220 2315 ΙΙ
242 2271 260 2303 1
288 2267 502 2314 conspicati
521 2267 726 2306 Mommsen
745 2271 757 2316 ΙΙ
777 2273 798 2304 3
825 2268 979 2305 erubuit
1000 2268 1032 2305 Ο
1046 2271 1058 2315 ΙΙ
1081 2273 1123 2305 12
1152 2270 1241 2305 ante
1260 2268 1451 2306 nescitam
1505 2301 1509 2303 ,

66 2316 160 2352 LM
167 2317 208 2363 T,
234 2316 296 2352 vel
323 2327 422 2352 anne
449 2315 568 2351 sciam
593 2327 620 2353 s.
648 2318 671 2354 l.
699 2318 786 2354 add.
815 2317 896 2363 211²,
932 2328 982 2352 an
1006 2316 1178 2353 nesciam
1207 2317 1329 2364 01121
1358 2317 1449 2366 sita]

66 2365 143 2400 ista.
156 2365 192 2400 L
210 2366 222 2411 u
241 2369 288 2400 24
309 2365 514 2400 adversata
527 2364 615 2410 LV,
642 2364 836 2403 adversa*
851 2366 902 2401 M
908 2366 929 2411 ¹,
958 2365 1119 2401 adversa
1131 2366 1174 2401 N
1182 2365 1253 2402 OT
1269 2367 1282 2413 ΙΙ
1302 2371 1347 2403 26
1369 2372 1456 2403 ante

0 2417 10 2432 ⁵
66 2411 148 2448 lora
175 2414 241 2461 leq.
267 2424 328 2449 me
354 2414 397 2449 in
417 2413 467 2448 M
472 2412 503 2449 Ο
511 2413 545 2449 Τ
567 2417 601 2450 et
625 2424 653 2450 s.
675 2414 696 2450 l.
718 2414 806 2451 add.
828 2415 873 2450 N
874 2415 884 2435 ¹
905 2416 917 2461 ΙΙ
937 2417 982 2450 33
1010 2415 1148 2451 cuncta,
1167 2414 1258 2461 NT,
1287 2414 1455 2451 cunctim

1165 2475 1238 2510 12*
