1592 2612
149 135 210 180 56
641 134 789 171 LIBER
813 133 1034 171 TERTIUS.

150 240 265 292 prius
311 238 506 291 applicata
551 241 659 276 esset
697 237 1005 290 oppugnationi,
1050 241 1088 275 te
1127 236 1213 275 viso
1252 247 1335 276 non
1367 240 1431 276 est
1463 248 1532 276 cx-

150 299 297 353 plicata
335 298 579 351 congressui.
642 298 797 337 interea
835 302 879 336 tu
918 298 1046 336 caesis
1086 295 1314 349 quibusque
1354 297 1535 351 optimis,

153 372 253 413 quos
285 360 524 399 novissimos
558 359 709 410 agmini
746 369 827 397 non
866 359 1021 409 ignavia
1053 356 1124 397 sed
1164 356 1329 397 audacia
1368 356 1532 411 fecerat,

152 420 273 461 nullis
305 425 466 460 tuorum
498 419 716 458 certamine
749 430 798 458 ex
824 423 933 458 tanto
961 417 1201 458 desideratis
1229 417 1340 458 solus
1365 417 1534 471 planitie

116 496 134 523 5
155 492 274 534 quam
299 480 575 532 patentissima
601 477 821 532 potiebare,
855 491 946 518 cum
972 477 1046 518 tibi
1072 490 1154 518 non
1180 477 1295 518 daret
1313 483 1374 519 tot
1398 490 1534 532 pugna

154 542 296 594 socios,
330 545 426 592 quot
458 538 559 579 solet
590 551 729 579 mensa
755 540 951 579 convivas.
1014 537 1053 580 5.
1086 538 1179 578 hinc
1206 540 1286 579 iam
1310 551 1385 593 per
1405 540 1534 580 otium

153 603 196 642 in
227 600 370 640 urbem
402 599 542 640 reduci
576 599 671 652 quid
711 599 786 639 tibi
825 599 982 639 obviam
1020 601 1268 652 processerit
1307 599 1535 640 officiorum

153 661 379 715 plausuum,
405 660 572 700 fletuum
593 659 843 714 gaudiorum,
869 662 996 712 magis
1019 665 1218 713 temptant
1236 665 1328 700 vota
1348 662 1535 701 conicere

156 734 276 775 quam
307 720 427 760 verba
462 732 658 760 reserare.
723 720 923 772 siquidem
956 733 1123 761 cernere
1156 726 1243 761 erat
1274 721 1437 762 refertis
1470 733 1535 762 ca-

100 798 135 824 10
154 782 391 835 pacissimae
431 780 573 820 domus
613 782 727 820 atriis
766 780 876 821 illam
913 783 1042 834 ipsam
1080 781 1356 822 felicissimam
1396 783 1538 835 stipati

153 842 308 882 reditus
347 842 407 881 tui
445 842 688 895 ovationem,
733 841 828 881 dum
871 841 938 882 alii
977 841 1124 882 osculis
1166 842 1375 895 pulverem
1418 847 1535 883 tuum

153 904 328 955 rapiunt,
361 901 428 942 alii
461 903 654 956 sanguine
688 914 732 942 ac
766 903 920 955 spumis
952 903 1117 955 pinguia
1148 902 1262 943 frena
1294 904 1537 957 suscipiunt⁷

155 962 222 1003 alii
256 962 445 1002 sellarum
479 963 727 1014 equestrium
759 962 979 1003 madefacta
1013 962 1229 1003 sudoribus
1262 963 1389 1004 fulcra
1421 976 1537 1004 resu-

155 1025 309 1077 pinant,
341 1022 409 1062 alii
443 1022 491 1062 de
525 1034 697 1062 concavo
730 1022 805 1062 tibi
838 1023 1006 1063 cassidis
1033 1024 1190 1063 exituro
1217 1023 1413 1064 flexilium
1439 1024 1538 1064 lam-

103 1097 138 1126 15
157 1085 356 1123 minarum
382 1081 510 1122 vincla
543 1082 781 1136 diffibulant,
813 1083 880 1123 alii
907 1083 1155 1136 explicandis
1188 1097 1399 1125 ocrearum
1424 1086 1538 1125 nexi-

157 1143 234 1183 bus
265 1143 536 1196 implicantur,
575 1142 643 1182 alii
673 1142 954 1183 hebetatorum
993 1144 1114 1184 caede
1156 1144 1380 1197 gladiorum
1411 1144 1538 1186 latera

158 1203 318 1244 dentata
355 1208 662 1256 pernumerant,
700 1202 768 1243 alii
806 1206 955 1244 caesim
994 1209 1112 1257 atque
1151 1207 1335 1258 punctim
1374 1205 1537 1246 forami-

157 1269 273 1304 natos
318 1262 490 1303 circulos
532 1262 749 1303 loricarum
791 1264 928 1316 digitis
972 1263 1260 1306 livescentibus
1302 1268 1538 1307 metiuntur.

160 1323 198 1366 6.
231 1323 297 1363 hic
341 1323 436 1363 licet
479 1322 596 1363 multi
634 1323 909 1376 complexibus
954 1330 1115 1365 tuorum
1159 1326 1430 1379 tripudiantes
1470 1327 1540 1367 ad—

104 1401 139 1427 20
157 1384 454 1437 haerescerent,
486 1385 529 1423 in
560 1388 599 1424 te
626 1386 824 1425 maximus
857 1390 991 1426 tamen
1023 1385 1199 1426 laetitiae
1225 1387 1431 1440 popularis
1464 1389 1539 1428 im-

158 1449 276 1498 petus
298 1443 608 1498 congerebatur3
634 1444 878 1498 tandemque
905 1447 947 1485 in
973 1446 1133 1486 turbam
1156 1448 1353 1488 inermem
1374 1448 1540 1501 quidem

158 1516 328 1544 veneras
361 1504 432 1544 sed
465 1504 514 1544 de
547 1517 624 1557 qua
655 1510 694 1545 te
727 1518 803 1546 nec
835 1511 1011 1547 armatus
1044 1507 1267 1562 evolveres3
1298 1508 1540 1562 ferebasque

159 1566 353 1605 nimirum
386 1563 589 1617 eleganter
626 1566 799 1618 ineptias
838 1567 1108 1619 gratulantum
1141 1575 1200 1622 et,
1240 1568 1336 1609 dum
1375 1571 1540 1610 inruen-

160 1630 247 1665 tum
279 1624 525 1665 tumultuoso
559 1625 748 1678 diriperis
787 1626 990 1681 amplexu,
1029 1640 1075 1668 eo
1116 1628 1367 1670 condicionis
1405 1643 1541 1671 acces-

106 1699 142 1726 25
163 1697 274 1725 seras
306 1686 512 1738 piissimus
544 1685 696 1738 publici
728 1689 878 1727 amoris
910 1689 1124 1742 interpres,
1156 1695 1202 1729 ut
1232 1702 1399 1730 necesse
1433 1696 1543 1732 esset

161 1745 222 1785 illi
253 1745 482 1785 uberiorem
515 1746 667 1786 referre
699 1751 739 1787 te
773 1749 958 1803 gratiam,
997 1750 1067 1801 qui
1105 1749 1179 1789 tibi
1216 1749 1451 1791 liberiorem
1483 1752 1540 1792 fe-

162 1807 287 1845 cisset
324 1807 524 1846 iniuriam.
597 1805 633 1847 7.
666 1811 778 1856 taceo
818 1808 1008 1862 deinceps
1047 1808 1256 1862 collegisse
1295 1815 1335 1850 te
1372 1812 1542 1864 privatis

161 1865 316 1906 viribus
349 1865 500 1918 publici
532 1868 734 1907 exercitus
768 1870 943 1921 speciem
975 1870 1110 1921 parvis
1138 1871 1390 1911 extrinsecus
1416 1874 1542 1913 maio-

163 1938 254 1966 rum
286 1925 428 1979 opibus
462 1926 642 1966 adiutum
675 1932 715 1967 et
740 1928 983 1969 infreniores
1010 1929 1187 1970 hostium
1213 1935 1304 1971 ante
1331 1931 1542 1973 discursus

108 2001 146 2028 30
166 1987 370 2038 castigatis
404 1986 660 2027 cohercuisse
686 1988 953 2041 populatibus.
1004 1994 1117 2030 taceo
1149 1995 1189 2031 te
1223 1990 1375 2044 aliquot
1401 2004 1541 2046 super-

161 2046 349 2086 ventibus
381 2058 530 2086 cuneos
569 2052 764 2087 mactasse
797 2049 989 2090 turmales
1021 2063 1042 2090 e
1075 2063 1243 2091 numero
1282 2057 1445 2092 tuorum
1477 2055 1542 2094 vix

164 2106 272 2147 binis
304 2108 481 2147 ternisve
514 2112 606 2159 post
642 2108 840 2160 proelium
879 2109 1117 2151 desideratis
1162 2117 1202 2152 et
1244 2117 1402 2153 tantum
1441 2113 1542 2154 cala-

262 2226 283 2257 5
311 2233 424 2268 quam
451 2222 721 2268 patentissima
740 2224 828 2259 LN
830 2225 881 2260 M
886 2225 917 2262 G
922 2226 964 2271 T,
992 2238 1068 2271 qua
1086 2227 1356 2273 patentissima
1375 2230 1461 2266 add.
1486 2231 1547 2266 est

172 2271 234 2316 Vn
255 2273 275 2305 7
301 2271 393 2306 urbe
424 2270 478 2316 01
499 2273 727 2317 processerit
753 2272 906 2308 obviam
936 2273 968 2310 G
993 2277 1005 2320 ΙΙ
1039 2280 1083 2311 14
1109 2275 1335 2312 flexibilium
1369 2277 1543 2315 Vatican.

163 2322 265 2356 3421
286 2320 298 2366 ΙΙ
317 2322 362 2353 23
389 2318 550 2354 nimium
572 2320 604 2356 Ο
617 2322 630 2366 ΙΙ
649 2324 693 2356 27
721 2321 829 2356 taceo
849 2333 962 2369 usque
982 2324 1031 2360 ad
1051 2336 1092 2370 p.
1114 2326 1175 2370 57,
1195 2329 1243 2361 16
1268 2324 1546 2362 funerabantur

163 2378 233 2404 om.
254 2367 340 2403 LN
352 2367 427 2403 VT
443 2369 455 2414 ss
475 2371 519 2404 ‘29
545 2367 772 2405 infreniores
798 2381 861 2416 eqo
890 2369 1070 2414 (infrenes
1090 2373 1317 2419 Buecheler),
1343 2373 1545 2411 inferiores

163 2416 269 2453 codd.
288 2417 302 2462 Ι]
321 2418 367 2450 30
394 2415 750 2461 supervenientibus
784 2418 953 2455 Vatican.
976 2422 1077 2456 3421
1096 2423 1108 2466 ΙΙ
