1592 2612
180 78 412 140 smomus
437 99 636 140 nomo
662 101 827 139 PAPAE
851 72 1071 140 roureio
1097 102 1343 151 SALUTEM
1395 103 1483 147 145

40 215 65 251 ·,
87 206 146 246 sit
164 204 368 246 censenda
386 203 589 258 beneficii,
613 204 721 257 quod
742 217 764 244 a
783 217 849 245 me
869 209 1083 257 peccatore
1103 204 1300 258 digressis
1320 210 1482 246 sanctae

76 266 388 307 >communionis
406 266 540 318 portio
559 269 681 318 patet.
715 266 833 306 testis
853 265 999 306 horum
1019 270 1082 306 est
1100 265 1311 306 Vindicius
1329 271 1483 320 noster,

43 336 49 342 “
87 327 161 380 qui
202 327 368 379 segnius
407 325 573 366 domum
612 338 688 378 pro
725 326 1028 366 munificentiae
1066 331 1226 367 vestrae
1270 326 1379 367 fasce
1417 339 1481 367 re-

86 387 256 441 meavit,
294 398 456 456 quoquo
488 385 577 426 loco
616 391 698 441 est,
737 391 971 427 constanter
1002 387 1227 442 affirmans,
1264 400 1358 428 cum
1390 388 1481 428 sitis

87 448 281 501 opinione
306 448 456 500 magni,
482 447 609 499 gradu
633 449 814 502 maximi,
839 460 922 487 non
946 452 1093 496 tamen,
1107 460 1196 488 esse
1217 461 1288 488 vos
1309 447 1482 502 amplius
1520 461 1539 487 5

87 507 286 561 dignitate
318 520 439 561 quam
471 507 704 560 dignatione
731 508 965 549 laudandos
1018 507 1057 549 2.
1084 498 1291 561 praedicat
1316 508 1482 550 melleas

86 573 250 610 sanctas
282 573 324 609 et
353 568 537 622 floridas,
570 581 672 621 quae
704 569 932 622 procedunt
964 569 1013 609 de
1045 574 1271 639 temperata
1302 582 1482 611 commu-

88 631 245 684 niune„
265 628 502 683 blanditias3
541 642 616 669 nec
648 635 784 670 tamen
819 642 868 670 ex
901 630 978 670 hoc
1010 629 1229 683 quicquam
1260 630 1483 683 pontificali

86 690 276 744 deperire
308 702 520 744 personae,
552 690 659 742 quod
693 690 911 731 sacerdotii
942 691 1150 743 fastigium
1180 703 1263 732 non
1295 690 1482 744 frangitis

86 752 297 806 comitate,
335 750 407 790 sed
445 750 619 791 flectitis.
690 751 838 804 quibus
876 753 1023 804 agnitis
1066 752 1125 791 sic
1163 752 1395 806 inardesco,
1436 757 1482 793 ut
1501 765 1538 791 ιο

86 816 176 852 tum
219 824 284 852 me
323 813 401 851 sim
438 810 719 852 felicissimum
758 811 1029 867 iudicaturus,
1074 824 1167 852 cum
1204 812 1307 853 mihi
1344 825 1482 853 coram

86 873 220 926 posito
253 871 328 912 sub
361 872 495 912 divina
528 884 603 925 ope
636 874 853 926 contigerit
884 877 966 913 tam
999 885 1189 913 securum
1222 873 1270 913 de
1303 873 1379 913 deo
1407 886 1480 914 suo

88 932 233 985 pectus
258 932 355 973 licet
379 934 729 987 praesumptiosis,
756 935 855 974 artis
874 938 1010 974 tamen
1031 933 1168 973 fovere
1190 933 1480 987 complexibus.

88 991 131 1034 3.
163 994 335 1046 accipite
368 993 645 1034 confitentem:
679 995 857 1047 suspicio
891 994 1056 1050 quidem
1089 995 1212 1034 nimis
1245 1006 1407 1035 severos
1441 1000 1482 1036 et

65 1053 378 1105 ,imbecillitatis
405 1066 517 1094 meae
544 1056 733 1094 conscius
753 1056 1048 1107 aequanimiter
1068 1055 1154 1095 fero
1175 1067 1342 1108 asperos
1361 1055 1480 1111 mihi3
1501 1060 1555 1095 15'

74 1113 179 1169 sed,
211 1114 319 1168 quod
350 1114 558 1155 fatendum
590 1119 669 1169 est,
701 1115 814 1156 hisce
846 1115 1029 1156 moribus
1062 1114 1221 1155 facilius
1252 1115 1479 1157 humilitate

87 1174 368 1215 submittimur
387 1187 508 1228 quam
529 1175 799 1216 familiaritate
821 1177 1037 1216 sociemur.
1068 1178 1111 1216 in
1132 1189 1301 1230 summa,
1320 1177 1481 1231 viderit,

87 1248 168 1288 qua
200 1237 474 1278 conscientiae
506 1236 599 1276 dote
631 1241 856 1292 turgescat,
894 1238 964 1290 qui
1000 1250 1043 1277 se
1076 1236 1349 1278 ambientibus
1381 1239 1479 1291 rigi-

86 1296 186 1336 dum
217 1296 369 1351 reddit;
402 1308 476 1349 ego
508 1302 644 1337 tamen
675 1310 836 1338 morum
861 1297 971 1342 illius
998 1297 1220 1338 aemulator
1245 1311 1336 1338 esse
1363 1311 1478 1351 prae

86 1355 282 1409 elegerim
281 1358 398 1412 ,qui
429 1358 551 1397 etiam
583 1357 700 1410 longe
727 1360 954 1411 positorum
980 1359 1151 1398 incitare
1179 1359 1221 1398 in
1248 1371 1291 1399 se
1319 1359 1534 1400 affectat-20

88 1417 289 1458 affectum.
352 1416 393 1458 4.
434 1417 534 1457 illud
573 1430 735 1471 quoque
774 1419 874 1458 mihi
912 1420 1020 1459 inter
1057 1420 1232 1459 maxima
1271 1419 1480 1472 granditer

89 1477 204 1518 cordi
243 1482 322 1532 est,
361 1478 468 1530 quod
507 1478 754 1548 apostolatus
796 1481 923 1519 vestri
943 1481 1231 1532 patrocinium
1270 1481 1480 1532 copiosum

89 1539 315 1578 verissimis
354 1538 529 1578 dominis
567 1540 723 1579 animae
762 1551 893 1592 meae,
932 1526 1139 1592 Simplicio
1173 1544 1214 1579 et
1244 1540 1532 1609 Apollinari„

87 1600 306 1639 intermina
343 1600 636 1639 intercessione
676 1600 859 1639 conferre
899 1612 969 1639 vos
1008 1601 1200 1652 comperi.
1264 1602 1300 1640 si
1338 1609 1480 1641 verum

88 1664 169 1713 est,
207 1671 323 1713 rogo,
360 1664 407 1700 ut
437 1671 520 1699 non
557 1659 702 1700 habeat
733 1665 865 1700 vestra
899 1648 1046 1700 caritas
1078 1660 1219 1714 finem;
1260 1662 1296 1700 si
1332 1661 1478 1701 falsum
1499 1674 1534 1701 25

87 1724 169 1774 est,
207 1725 320 1774 pet0,
358 1725 403 1760 ut
441 1732 522 1760 non
562 1720 721 1760 differat
759 1720 908 1761 habere
947 1722 1205 1773 principium,
1269 1727 1479 1790 praeterea

89 1781 330 1821 commendo
361 1780 548 1833 gerulum
580 1780 824 1834 litterarum,
857 1783 923 1821 cui
955 1782 1065 1835 istic,
1099 1781 1139 1820 id
1173 1786 1235 1821 est
1268 1782 1310 1821 in
1343 1781 1480 1822 Vasio-

89 1842 208 1882 nensi
240 1841 387 1894 oppido
427 1841 617 1894 quiddam
649 1843 904 1882 necessitatis
937 1846 1121 1882 exortum
1155 1843 1289 1881 sanari
1321 1848 1478 1883 vestrae

89 1903 340 1942 auctoritatis
367 1899 758 1955 reverentiae<que>
784 1902 964 1955 pondere
984 1907 1129 1955 potest.
1172 1914 1330 1942 memor
1349 1905 1479 1943 nostri

88 1974 179 2002 esse
213 1962 397 2017 dignare,
431 1962 591 2002 domine
624 1975 737 2016 papa.
1499 1978 1535 2004 30

189 2095 208 2127 1
237 2092 288 2127 sit
311 2103 340 2128 8.
368 2092 390 2127 l.
417 2091 505 2127 add.
527 2091 606 2136 Μ’,
630 2103 698 2128 om.
727 2091 768 2127 F
792 2094 804 2138 ΙΙ
830 2096 851 2127 6
878 2090 1038 2127 melleas
1066 2090 1150 2127 PF
1173 2094 1207 2127 et
1231 2091 1275 2127 in
1299 2102 1373 2127 ras.
1402 2090 1480 2136 Μ’,

88 2138 178 2175 illas
208 2139 248 2183 G,
271 2140 359 2185 fort.
385 2141 509 2185 recten
533 2145 575 2175 16
603 2140 705 2184 quod
730 2152 757 2176 s.
783 2142 806 2177 l.
827 2141 913 2177 add.
936 2141 1013 2185 M1,
1039 2144 1107 2176 om.
1138 2138 1169 2175 0
1183 2140 1195 2185 ΙΙ
1217 2142 1261 2174 17
1290 2138 1480 2175 sociamur

87 2198 184 2225 corr.
210 2189 254 2224 in
279 2188 467 2224 sociemur
494 2188 571 2233 M1,
598 2189 783 2224 sotiemur
809 2189 861 2234 F,
888 2187 1076 2224 sociamur
1104 2187 1200 2232 GP}
1223 2186 1364 2222 videris
1393 2187 1426 2224 Ο
1446 2193 1480 2225 et

91 2238 202 2281 (corr.
235 2238 278 2273 in
311 2236 454 2272 viderit
486 2236 624 2281 M1)M
650 2238 662 2282 ΙΙ
697 2241 740 2273 19
767 2236 1045 2284 praeelegerim
1082 2237 1212 2282 vulyo,
1249 2235 1479 2282 perlegerim

89 2286 194 2322 codd.
214 2287 228 2331 ss
247 2289 295 2320 24
322 2285 492 2321 conferre
515 2297 582 2322 om.
607 2285 639 2321 Ο
653 2289 665 2331 ΙΙ
685 2289 730 2320 29
758 2287 1070 2330 reverentiaeque
1091 2284 1346 2330 Duetjohamz,
1372 2295 1478 2321 reve-

89 2333 238 2370 rentiae
265 2335 391 2379 codd.;
417 2346 468 2370 an
494 2333 749 2370 reverendae?
774 2337 786 2380 Ι]

163 2460 395 2490 Arommums
416 2462 465 2489 ed.
484 2461 542 2488 Mo
551 2462 570 2488 h
579 2469 602 2489 r.
1216 2458 1231 2488 1
1238 2456 1259 2488 Ο
