1592 2612
114 133 199 176 132
607 128 757 166 LIBER
782 126 982 165 snmus,

109 234 353 275 beneficium
391 235 585 285 praestat,
631 229 737 283 quod
777 242 820 270 se
866 229 1085 270 arbitratur
1123 228 1327 282 accipere,
1372 227 1495 268 sicuti

109 307 218 335 nunc
237 292 479 334 venerabilis
499 291 708 344 Donidius,
734 290 880 343 dignus
906 291 1014 330 inter
1034 289 1353 342 spectatissimos
1374 300 1495 342 quos-

111 367 189 408 que
221 354 438 395 numerari.
489 354 605 392 cuius
639 350 828 391 clientem
859 361 1090 404 puerosque
1116 347 1369 403 commendo,
1399 360 1493 402 pro-

110 415 238 455 fectos
271 427 343 454 seu
374 415 417 453 in
448 413 609 466 patroni
638 412 879 452 necessitate
913 423 985 451 seu
1018 412 1060 450 in
1093 409 1258 451 domini.
1314 408 1496 450 laborem

74 486 92 513 5
111 476 442 529 peregrinantum
483 486 560 526 qua
597 473 767 526 potestis
806 483 881 524 ope
920 471 1169 512 humanitate
1200 470 1495 511 intercessione

109 536 314 588 tutamini3
359 547 421 588 ac,
466 535 502 573 si
545 534 589 574 in
633 532 767 585 aliquo
812 533 965 572 amicus
1010 532 1099 584 ipse
1136 543 1211 584 per
1248 531 1495 584 imperitiam

110 597 406 647 novitatemque
426 593 611 647 publicae
632 593 950 634 conversationis
969 591 1172 632 videbitur
1190 592 1327 632 minus
1340 591 1496 645 efficax,

108 668 180 696 vos
217 655 293 695 hoc
331 656 465 708 potius
504 655 691 708 aspicite,
737 653 834 706 quid
874 652 1054 693 absentis
1092 664 1232 708 causa,
1272 663 1354 692 non
1397 651 1495 705 quid

109 716 334 769 praesentis
366 727 539 768 persona
569 719 785 755 mereatur.
836 725 993 754 memor
1025 714 1158 754 nostri
1188 724 1279 753 esse
1313 712 1494 767 dignare,

57 787 91 814 ιο
110 777 269 817 domine
301 788 414 828 papa.

764 903 840 948 VI.

208 987 434 1025 SIDONIUS
460 987 658 1024 DOMINO
685 986 847 1024 PAPAE
873 986 1124 1024 EUTROPIO
1153 985 1397 1023 SALUTEM.

207 1065 244 1106 1.
277 1055 494 1117 Postquam
526 1064 787 1117 foedifragam
819 1069 981 1117 gentem
1006 1064 1164 1105 redisse
1190 1065 1233 1104 in
1260 1063 1377 1105 sedes
1404 1075 1498 1105 suas

115 1127 295 1178 comperi
320 1137 452 1178 neque
479 1125 694 1177 quicquam
714 1125 916 1166 viantibus
936 1125 1178 1166 insidiarum
1196 1137 1353 1179 parare,
1383 1124 1498 1165 nefas

114 1185 270 1226 credidi
305 1185 476 1225 ulterius
518 1186 743 1226 officiorum
782 1186 947 1226 differre
986 1197 1236 1240 sermonem,
1275 1197 1328 1225 ne
1365 1189 1500 1226 vester

58 1257 94 1284 15
115 1246 281 1286 affectus
321 1245 534 1298 quandam
557 1247 653 1286 vitio
693 1258 783 1286 meo
826 1246 994 1287 duceret
1030 1251 1076 1286 ut
1115 1245 1273 1299 gladius
1303 1244 1499 1299 inpolitus

116 1306 164 1346 de
208 1318 328 1346 curae
360 1307 525 1346 raritate
563 1305 802 1358 robiginem.
864 1306 973 1347 unde
1014 1308 1141 1347 misso
1181 1307 1224 1347 in
1255 1306 1333 1347 hoc
1367 1305 1499 1347 solum

112 1367 267 1419 negotii
299 1366 437 1418 gerulo
470 1366 708 1421 litterarum,
740 1379 860 1420 quam
891 1367 1005 1408 vobis
1033 1369 1086 1407 sit
1112 1366 1343 1420 corpusculi
1370 1371 1498 1407 status

114 1428 157 1466 in
189 1426 317 1467 solido
345 1439 512 1479 quamve
539 1439 588 1466 ex
614 1429 739 1467 animi
765 1429 967 1468 sententia
992 1440 1060 1468 res
1086 1432 1267 1482 agantur,
1300 1426 1498 1468 sollicitus

115 1488 291 1541 inquiro,
324 1499 502 1541 sperans,
534 1500 584 1527 ne
619 1487 743 1528 semel
775 1489 876 1528 mihi
908 1501 1020 1529 amor
1053 1493 1187 1529 vester
1217 1487 1399 1528 indultus
1431 1492 1500 1528 aut

59 1558 96 1584 20
115 1548 321 1587 interiecti
352 1548 509 1587 itineris
542 1547 791 1600 longitudine
824 1553 894 1589 aut
925 1548 1131 1589 absentiae
1158 1549 1384 1589 communis
1411 1548 1499 1588 diu-

115 1608 310 1648 turnitate
354 1611 561 1663 tenuetur,
607 1610 699 1661 quia
742 1608 901 1650 bonitas
946 1609 1168 1650 conditoris
1208 1608 1500 1649 habitationem

114 1669 250 1721 potius
275 1667 484 1707 hominum
518 1681 636 1721 quam
664 1670 871 1710 caritatem
898 1669 1086 1711 finalibus
1113 1669 1265 1710 claudit
1289 1670 1499 1722 angustiis.

116 1728 156 1768 2.
189 1732 327 1782 restat,
359 1732 404 1768 ut
435 1732 567 1768 vestra
599 1728 803 1769 beatitudo
837 1732 1120 1784 conpunctorii
1153 1729 1387 1770 salubritate
1413 1741 1500 1770 ser-

116 1789 249 1828 monis
275 1788 430 1828 avidam
456 1794 618 1829 nostrae
645 1791 893 1842 ignorantiae
920 1795 1058 1844 pascat
1079 1792 1268 1831 esuriem.
1302 1795 1364 1830 est
1390 1791 1499 1830 enim

63 1859 99 1886 25
118 1848 193 1888 tibi
226 1849 346 1888 nimis
378 1850 483 1902 usui,
515 1854 560 1889 ut
592 1850 938 1891 exhortationibus
970 1853 1051 1891 tuis
1084 1852 1292 1891 interioris
1323 1850 1500 1890 hominis

118 1909 289 1948 maciem
328 1921 617 1961 saepenumero
656 1912 851 1963 mysticus
890 1912 1012 1964 adeps
1052 1917 1092 1952 et
1131 1910 1325 1964 spiritalis
1364 1911 1502 1951 arvina

119 1968 332 2008 distendat.
383 1981 539 2009 memor
570 1972 701 2009 nostri
733 1983 822 2010 esse
855 1971 1038 2025 dignare,
1072 1972 1233 2012 domine
1264 1983 1378 2025 papa.

217 2099 241 2131 4
265 2095 497 2132 necessitate
517 2097 563 2141 L,
590 2098 861 2134 necessitatem
889 2099 980 2134 VM
987 2099 1055 2136 OT
1075 2100 1081 2146 Ι
1103 2100 1143 2136 in
1162 2111 1230 2136 om.
1251 2099 1300 2145 L,
1318 2110 1346 2136 s.
1367 2100 1390 2136 l.
1413 2099 1499 2136 add.

126 2144 230 2181 V¹O²
261 2146 273 2191 ΙΙ
306 2148 350 2180 12
378 2155 466 2180 suas
494 2145 602 2180 sedes
632 2145 663 2181 Ο
690 2147 703 2192 11
735 2150 780 2181 14
806 2159 858 2183 om
883 2147 1119 2184 officiosum?
1151 2148 1414 2196 Luetjoha‘rm;
1439 2147 1502 2184 sed

119 2193 165 2238 cf.
194 2204 248 2239 ep.
276 2193 321 2239 V,
339 2196 400 2238 15,
422 2197 441 2228 1
470 2192 587 2229 officii
614 2204 786 2230 sermone
813 2196 989 2241 praefato
1009 2198 1021 2243 Η
