1592 2612
152 106 241 149 250

178 457 247 489 360

174 758 244 792 365

174 1060 243 1093 370

173 1360 242 1393 375

173 1662 242 1694 380

175 1962 245 1994 385

700 100 908 138 CARMEN
932 101 977 137 ΙΙ.

275 208 344 260 qui
369 217 507 260 pacem
538 215 794 257 pugnamque
827 199 976 254 negat?
1040 214 1133 242 nam
1165 201 1328 243 foedera
1358 200 1468 243 nulla

275 279 363 308 cum
396 266 595 306 Ricimere
626 265 731 303 iacit.
789 275 909 315 quem
940 275 1013 302 cur
1044 263 1166 302 nimis
1199 262 1347 316 oderit,
1379 262 1485 303 audi.

275 330 471 368 incertum
503 328 639 377 crepat
670 323 736 363 ille
768 327 942 376 patrem,
975 335 1066 363 011111
1098 335 1214 363 serva
1245 323 1300 363 sit
1330 322 1389 363 illi

275 392 383 428 certa
415 397 578 439 parens3
610 396 739 438 nunc,
771 388 816 424 ut
847 385 956 436 regis
989 385 1042 423 sit
1074 382 1202 437 filius,
1235 383 1353 424 effert

274 449 412 488 matris
445 445 696 486 adulterium.
759 449 846 484 tum
876 443 992 498 livet,
1026 443 1132 497 quod
1164 443 1408 484 Ricimerem

274 511 316 548 in
348 519 517 559 regnum
549 506 628 546 duo
660 517 784 557 regna
815 509 976 559 vocant3
1008 516 1101 544 nam
1133 508 1247 558 patre
1280 503 1457 559 Suebus,

273 582 293 609 a
326 569 528 620 genetrice
562 565 692 606 Getes.
757 564 877 605 simul
909 569 950 604 et
981 566 1259 605 reminiscitur
1290 564 1408 619 illud,

271 628 375 681 quod
407 627 648 667 Tartesiacis
682 638 777 666 avus
810 625 930 666 huius
955 624 1080 666 Vallia
1111 627 1234 665 terris

270 687 501 729 Vandalicas
531 692 684 727 turmas
717 691 757 726 et
788 687 916 726 iuncti
946 685 1085 726 Martis
1117 685 1290 726 Halanos

271 750 410 789 stravit
441 753 480 788 et
513 747 720 787 occiduam
752 751 888 787 texere
923 746 1116 787 cadavera
1148 745 1308 799 Calpen.

271 809 365 862 quid
397 813 553 849 veteres
585 819 750 847 narrare
783 807 915 860 fugas,
948 806 1045 859 quid
1077 807 1222 847 damna
1252 803 1465 859 priorum?

269 870 519 922 Agrigentini
549 868 692 908 recolit
723 867 933 920 dispendia
965 869 1107 920 campi.

269 930 361 970 inde
394 930 507 983 furit,
540 929 646 981 quod
678 941 721 968 se
754 928 891 968 docuit
923 929 1020 968 satis
1052 929 1129 968 iste
1161 931 1350 981 nepotem

271 990 378 1030 1111115
411 1002 500 1030 0550
533 990 628 1043 viri,
661 1001 739 1041 quo
771 990 877 1041 viso,
908 987 1104 1042 Vandale,
1138 1000 1298 1041 semper

269 1056 380 1103 terga
413 1050 545 1090 dabas.
608 1062 701 1090 nam
732 1061 814 1089 non
847 1048 994 1089 Siculis
1027 1048 1225 1089 illustrior
1256 1049 1362 1088 arvis

271 1117 332 1165 tu,
363 1110 566 1164 Marcelle,
598 1110 726 1164 redis,
758 1122 831 1162 per
864 1121 986 1162 quem
1017 1109 1161 1150 tellure
1194 1109 1376 1161 marique

271 1176 406 1211 nostra
439 1171 673 1223 Syracusios
705 1175 945 1223 presserunt
977 1182 1086 1210 arma
1117 1174 1309 1223 penates,

270 1245 344 1272 nec
377 1237 443 1285 tu,
475 1233 541 1271 cui
574 1243 737 1271 currum
771 1230 883 1271 Curii
916 1243 1129 1284 superare,
1160 1228 1339 1283 Metelle,

271 1293 455 1346 contigit,
488 1296 693 1331 ostentans
725 1291 842 1331 nobis
876 1291 1048 1331 elefanta
1080 1291 1350 1343 frequentem,

270 1365 365 1405 grex
398 1354 513 1404 niger
545 1351 724 1392 albentes
756 1356 914 1404 tegeret
946 1363 1039 1392 cum
1070 1351 1176 1391 mole
1209 1349 1362 1403 iugales

270 1418 554 1465 auctoremque
587 1425 704 1453 suum
737 1412 886 1453 celaret
916 1424 1063 1465 pompa
1093 1411 1301 1464 triumphi.

269 1473 438 1513 Noricus
472 1472 756 1525 Ostrogothum
790 1472 896 1525 quod
931 1474 1129 1526 continet,
1160 1473 1237 1512 iste
1269 1472 1453 1525 timetur3

271 1532 393 1573 Gallia
427 1533 531 1586 quod
563 1533 694 1573 Rheni
724 1533 893 1573 Martem
924 1532 1039 1588 ligat,
1071 1534 1147 1572 iste
1180 1533 1319 1585 pavori
1351 1535 1430 1585 est;

269 1594 373 1646 quod
407 1595 703 1646 consanguineo
735 1606 799 1634 me
832 1593 1032 1634 Vandalus
1063 1593 1193 1633 hostis
1224 1591 1376 1632 Halano

269 1653 435 1706 diripuit
466 1654 648 1708 radente,
681 1656 766 1694 suis
798 1654 864 1694 hic
896 1653 1006 1694 ultus
1038 1653 1087 1693 ab
1120 1654 1257 1693 armis.

270 1714 339 1753 sed
371 1720 506 1754 tamen
537 1727 643 1754 unus
674 1714 793 1754 homo
826 1719 888 1755 est
919 1727 995 1755 nec
1026 1718 1136 1754 tanta
1167 1712 1347 1766 pericula
1379 1711 1489 1752 solus

269 1773 427 1828 tollere,
461 1775 531 1814 sed
564 1775 725 1815 differre
758 1779 912 1828 potest:
944 1775 1064 1815 modo
1095 1775 1280 1827 principe
1312 1771 1430 1813 nohis

270 1839 331 1874 est
363 1847 462 1887 opus
495 1840 664 1889 armato,
696 1840 878 1875 veterum
911 1837 981 1888 qui
1012 1847 1124 1875 more
1156 1838 1371 1887 parentum

269 1907 350 1934 non
381 1895 543 1935 mandet
575 1895 644 1935 sed
676 1895 781 1935 bella
813 1900 942 1949 gerat,
976 1907 1096 1948 quem
1129 1896 1243 1947 signa
1273 1897 1503 1934 moventem

272 1959 378 1994 terra
411 1955 472 1994 vel
504 1955 611 1995 unda
643 1960 835 2010 tremant,
867 1961 912 1996 ut
943 1956 1107 1996 tandem
1138 1956 1227 1995 iure
1260 1958 1422 2007 recepto

271 2013 438 2054 Romula
470 2015 656 2055 desuetas
688 2016 950 2057 moderentur
983 2016 1151 2056 classica
1183 2011 1361 2055 classes.'

330 2075 465 2114 Audiit
497 2075 563 2115 illa
594 2081 726 2130 pater,
759 2076 879 2116 simul
911 2078 1062 2117 annuit.
1119 2077 1202 2116 itur
1233 2076 1276 2115 in
1307 2073 1463 2114 urbem.

271 2136 459 2175 continuo
491 2136 599 2176 videt
630 2138 717 2189 ipse
750 2136 884 2191 deam,
917 2138 1158 2177 summissus
1189 2135 1345 2188 adorat,

271 2200 410 2246 pectus
444 2200 483 2235 et
515 2201 693 2236 exertam
724 2198 946 2249 tetigerunt
979 2209 1128 2237 cornua
1161 2207 1393 2249 mammam3

248 2336 315 2368 372
344 2333 544 2370 siracusios
570 2336 674 2372 codd.
683 2349 696 2379 ;
722 2335 768 2380 cf.
789 2335 931 2373 Auson.
955 2337 1118 2382 XVIII,
1137 2339 1176 2382 2,
1195 2338 1288 2378 304,·
1322 2333 1527 2371 Claudiam.

149 2391 179 2417 0.
203 2381 400 2426 LXVIII,
421 2386 465 2427 6,·
491 2383 708 2429 Syracosios
729 2384 821 2421 Luc.
843 2385 1004 2422 Mueller
1022 2386 1035 2431 ΙΙ
1054 2388 1124 2421 382
1146 2384 1236 2434 sed]
1251 2383 1285 2420 si
1302 2382 1505 2419 Buecheler
1516 2381 1530 2430 ΙΙ
