1592 2612
154 133 239 175 172
633 128 782 165 LIBER
808 126 1045 164 OCTAVUS.

214 329 338 378 GAI
378 326 613 376 SOLLII
651 323 1149 374 APOLLINARIS
1190 322 1473 373 SIDONII

581 420 1107 471 EPISTULARUM

626 543 777 583 LIBER
810 541 1051 583 OCTAVUS.

824 672 857 716 Ι.

392 756 620 794 SIDONIUS
647 756 897 792 PETRONIO
925 755 1018 792 SUO
1047 754 1292 792 SALUTEM.

242 833 279 876 1.
313 835 373 875 Tu
406 834 569 887 quidem
600 833 768 886 pulchre
809 829 916 889 (mos
955 833 1022 874 hic
1060 837 1174 887 tuus,
1213 838 1253 873 et
1284 828 1535 889 persevera),

148 898 210 936 vir
230 897 409 936 omnium
429 894 641 948 bonorum,
668 894 738 946 qui
764 895 923 947 uspiam
949 894 1112 948 degunt,
1138 893 1255 934 laude
1282 893 1535 948 dignissime,

150 956 256 1009 quod
300 957 521 995 amicorum
560 954 730 1008 gloriae,
776 954 906 995 sicubi
944 954 1075 1009 locus,
1119 954 1376 995 lenocinaris.
1438 951 1535 995 hinc

112 1030 130 1056 5
151 1022 212 1057 est
245 1016 350 1069 quod
383 1017 504 1056 etiam
537 1016 686 1055 scrinia
717 1015 896 1055 Arverna
928 1016 1034 1068 petis
1067 1014 1289 1070 eventilari,
1322 1016 1389 1055 cui
1421 1015 1533 1056 suffi-

150 1090 242 1117 cere
276 1075 599 1130 suspicabamur,
639 1077 674 1115 si
707 1076 804 1128 quid
843 1077 1056 1129 superiore
1095 1075 1258 1128 vulgatu
1295 1075 1534 1129 protulisse-

149 1150 250 1177 mus.
319 1138 453 1189 itaque
486 1148 641 1176 morem
674 1149 861 1188 geremus
899 1137 1113 1191 iniunctis,
1158 1138 1357 1176 actionem
1397 1141 1535 1177 tamen

151 1197 233 1238 stili
265 1202 430 1237 eatenus
463 1198 737 1251 prorogaturi,
775 1202 821 1237 ut
853 1196 1119 1250 epistularum
1157 1198 1307 1236 seriem
1338 1198 1534 1238 nimirum

150 1270 171 1298 a
202 1257 424 1310 primordio
462 1256 676 1297 voluminis
715 1257 992 1298 inchoatarum
1031 1259 1074 1297 in
1114 1258 1263 1297 extimo
1302 1257 1382 1298 fine
1419 1259 1535 1311 parvi

97 1333 131 1359 ιο
152 1318 280 1358 adhuc
312 1319 471 1357 numeri
504 1330 659 1357 summa
691 1318 917 1372 protendat,
950 1331 1051 1371 opus
1082 1317 1271 1358 videlicet
1297 1317 1534 1371 explicitum

151 1378 324 1431 quodam
357 1379 471 1430 quasi
502 1380 695 1430 marginis
729 1380 793 1418 sui
819 1378 942 1419 limbo
970 1383 1221 1419 coronatura.
1273 1376 1313 1419 2.
1346 1378 1418 1419 sed
1441 1378 1534 1432 plus

151 1438 370 1479 cavendum
409 1444 488 1492 est,
532 1451 582 1478 ne
627 1451 716 1478 sera
758 1445 926 1492 propter
963 1441 1042 1479 iam
1081 1438 1280 1492 propalati
1318 1443 1534 1492 augmenta

150 1498 364 1538 voluminis
397 1500 437 1538 in
472 1498 626 1551 aliquos
658 1499 827 1539 forsitan
860 1499 1086 1540 incidamus
1118 1501 1396 1553 vituperones,
1435 1511 1533 1553 quo-

150 1571 241 1599 rum
274 1559 410 1611 fugere
443 1558 599 1611 linguas
633 1564 722 1600 cote
753 1560 892 1600 livoris
923 1560 1165 1601 naturalitus
1201 1561 1450 1600 acuminatas
1481 1572 1533 1601 ne

98 1635 132 1661 15
151 1618 430 1659 Demosthenis
479 1619 642 1672 quidem
680 1619 968 1674 Ciceronisque
1014 1622 1239 1661 sententiae
1278 1620 1454 1661 artifices
1493 1626 1534 1661 et

151 1679 309 1732 eloquia
347 1679 458 1719 fabra
494 1684 681 1734 potuere,
720 1694 892 1733 quorum
931 1683 1111 1722 anterior
1149 1686 1284 1721 orator
1316 1680 1534 1736 Demaden,

151 1741 315 1779 citerior
347 1740 563 1779 Antonium
604 1740 825 1781 toleravere
859 1742 1137 1796 derogatores3
1183 1742 1252 1794 qui
1290 1740 1402 1781 lividi
1440 1754 1533 1782 cum

150 1800 301 1840 fuerint
332 1799 506 1839 malitiae
539 1800 681 1855 clarae,
716 1801 905 1842 dictionis
939 1802 1148 1857 obscurae,
1178 1807 1314 1842 tamen
1346 1801 1395 1842 ad
1427 1803 1532 1842 noti-

149 1861 247 1900 tiam
278 1865 534 1913 posterorum
566 1873 639 1913 per
666 1861 756 1902 odia
780 1863 976 1903 virtutum
1002 1863 1335 1903 decucurrerunt.
1386 1861 1425 1904 3.
1461 1862 1532 1903 sed

95 1937 131 1963 20
151 1922 244 1973 quia
282 1920 475 1974 hortaris,
519 1922 703 1973 repetitis
748 1922 929 1963 laxemus
973 1923 1060 1963 vela
1103 1922 1335 1963 turbinibus
1380 1927 1421 1963 et
1462 1924 1533 1976 qui

149 1980 275 2021 veluti
306 1981 432 2020 maria
464 1982 775 2036 transmisimus,
813 1983 890 2023 hoo
923 1985 1038 2036 quasi
1078 1988 1262 2036 stagnum
1294 1984 1531 2036 pernavige-

149 2053 251 2082 mus,
314 2053 408 2080 nam
441 2042 536 2080 satis
568 2041 696 2081 habeo
730 2042 1013 2099 deliberatum,
1053 2046 1158 2085 sicut
1189 2043 1458 2084 adhibendam
1488 2045 1532 2084 in

151 2102 450 2154 conscriptione
490 2100 755 2156 diligentiam,
801 2105 855 2143 ita
898 2105 1114 2145 tenendam
1145 2106 1188 2144 in
1227 2104 1404 2145 editione
1437 2116 1532 2144 con-

250 2220 293 2252 14
319 2216 547 2252 naturaliter
581 2218 615 2253 T
646 2218 652 2264 1
687 2218 950 2255 &eminatas
987 2224 1023 2264 (1
1058 2222 1128 2258 litt.
1156 2232 1249 2258 eras.
1271 2220 1415 2265 M²)M
1443 2220 1449 2268 Ι
1482 2230 1531 2255 ne

149 2266 243 2311 LV,
275 2276 346 2301 nee
372 2265 548 2301 NMTO
580 2267 591 2312 ΙΙ
631 2269 675 2301 16
703 2267 831 2302 orator
856 2267 1040 2314 MOTP,
1075 2271 1206 2305 oratur
1230 2269 1288 2315 N,
1326 2269 1456 2305 oratus
1483 2267 1534 2314 L,

149 2325 217 2350 om.
239 2314 279 2349 F
295 2314 308 2360 ΙΙ
335 2316 377 2348 17
406 2325 458 2349 an
483 2314 744 2350 secludendum
769 2313 903 2351 lividi?
929 2317 1171 2363 LuetJ'oha‘m‘t
1195 2319 1207 2363 ΙΙ
1233 2321 1278 2354 19
1306 2317 1531 2353 decucurre-
1589 2328 1592 2329 ⁷

148 2365 238 2397 runt.
263 2362 315 2406 L,
349 2361 663 2398 demeum-erunt
696 2364 737 2406 (2
765 2363 834 2399 litt.
862 2375 954 2400 ems.
976 2366 1091 2401 N2M
1101 2366 1129 2411 2)
1140 2366 1185 2402 N
1187 2366 1250 2412 M,
1283 2365 1534 2402 decurrerunt

152 2410 224 2447 CT
241 2411 252 2457 ΙΙ
272 2413 318 2445 20
345 2409 562 2445 turbinibus
590 2410 724 2456 MC'T,
749 2410 956 2447 turbidinis
984 2414 1019 2449 L
1039 2415 1050 2460 ΙΙ
