1592 2612
128 147 186 190 34
592 141 740 178 LIBER
767 139 1031 177 SECUNDUS.

125 249 230 288 natis
275 247 448 299 excipiet
492 250 530 285 te
575 244 871 297 deversorium,
917 243 1010 295 quia
1054 241 1219 280 minime
1258 243 1506 295 aestuosum,

125 309 296 348 maxime
324 307 530 347 aestivum.
575 316 667 344 nam
693 316 767 356 per
791 303 879 357 hoc,
906 301 1013 355 quod
1039 302 1083 341 in
1108 299 1352 353 Aqussone-
1374 299 1508 342 solum

125 370 306 421 patescit,
331 366 451 407 habet
478 365 596 419 diem,
622 377 703 404 non
722 363 845 404 habet
863 362 1000 417 solem,
1027 362 1239 402 interiecto
1260 362 1504 402 consistorio

122 432 386 482 perangusto,
427 426 497 466 ubi
541 424 833 465 somnulentiae
875 422 1219 464 cubiculariorum
1261 421 1505 463 dormitandi

89 490 257 542 5potius
291 499 409 540 quam
442 486 668 526 dormiendi
699 485 811 525 locus
845 489 916 524 est.
971 480 1038 525 14.
1071 482 1138 523 hic
1169 484 1250 523 iam
1283 495 1404 536 quam
1435 495 1503 523 vo-

123 549 217 602 lupe
250 547 414 588 auribus
447 548 634 587 insonare
668 545 825 586 cicadas
851 543 1020 585 meridie
1048 548 1352 598 concrepanteS,
1384 555 1504 584 ranas

124 608 360 661 crepusculo
400 607 657 647 incumbente
696 605 959 660 blaterantes,
998 616 1147 658 cygnos
1186 608 1306 657 atque
1338 616 1504 646 anseres

123 668 316 709 concubia
342 673 458 708 nocte
479 667 722 720 clangentes,
748 668 988 719 intempesta
1009 664 1134 718 gallos
1154 663 1387 717 gallinacios
1408 677 1503 706 con-

123 731 315 782 cinentes,
348 729 507 768 oscines
540 739 681 768 corvos
708 739 804 767 voce
830 725 1031 779 triplicata
1057 726 1272 779 puniceam
1298 727 1504 779 surgentis

68 802 102 827 10
121 790 298 830 Aurorae
337 789 464 829 facem
504 787 820 841 consalutantes,
859 786 1035 827 diluculo
1075 791 1209 827 autem
1240 785 1504 827 Philomelam

121 851 228 890 inter
272 849 437 889 frutices
480 847 726 901 sibilantem,
770 846 956 900 Prognen
998 849 1106 888 inter
1150 859 1309 887 asseres
1347 848 1502 887 minur-

120 908 309 950 rientem!
362 911 427 950 cui
459 910 674 949 concentui
707 908 845 949 licebit
877 908 1070 960 adiungas
1103 907 1260 948 fistulae
1294 907 1501 960 septiforis

121 970 381 1010 armentalem
420 969 652 1023 Camenam,
697 981 817 1022 quam
862 981 981 1021 saepe
1026 969 1237 1008 nocturnis
1277 970 1503 1009 carminum

120 1029 408 1070 certaminibus
434 1031 641 1070 insomnes
667 1034 900 1069 nostrorum
925 1030 1123 1069 montium
1143 1028 1274 1081 Tityri
1298 1033 1504 1083 exercent,

67 1101 101 1128 15
120 1092 226 1130 inter
271 1103 412 1143 greges
456 1089 720 1130 tinnibulatos
765 1102 839 1143 per
884 1089 1048 1142 depasta
1091 1088 1236 1129 buceta
1274 1088 1501 1130 reboantes.

120 1163 221 1203 quae
266 1157 398 1190 tamen
442 1152 550 1190 varia
595 1163 739 1191 vocum
784 1155 1055 1202 cantuumque
1097 1149 1370 1193 modulamina
1408 1162 1501 1203 pro-

120 1211 282 1251 fundius
316 1211 561 1251 confovendo
595 1212 731 1264 sopori
762 1214 831 1251 tuo
865 1210 1212 1250 lenocinabuntur.
1273 1207 1341 1251 15.
1375 1211 1501 1263 porti-

121 1270 233 1311 cibus
267 1284 443 1325 egreSSO,
477 1273 511 1311 si
542 1276 705 1324 portum
736 1270 868 1311 litoris
894 1275 1020 1325 petas,
1052 1272 1095 1310 in
1123 1283 1216 1311 area
1241 1272 1390 1310 virenti
1415 1270 1501 1311 vul-

120 1343 213 1383 gare
254 1344 493 1384 quamquam
532 1344 613 1372 non
651 1331 793 1384 procul
831 1343 992 1371 nemus:
1031 1332 1215 1384 ingentes
1255 1330 1364 1372 tiliae
1398 1331 1500 1372 duae

64 1402 100 1429 20
121 1392 283 1431 conexis
316 1391 544 1445 frondibus,
576 1391 785 1432 fomitibus
817 1391 1017 1432 abiunctis
1050 1404 1172 1431 unam
1203 1391 1387 1432 umbram
1419 1404 1502 1432 non

120 1464 199 1491 una
232 1451 366 1492 radice
399 1453 627 1493 conficiunt.
690 1454 733 1492 in
765 1453 880 1492 cuius
914 1453 1129 1506 opacitate,
1163 1465 1254 1492 cum
1286 1465 1350 1493 me
1382 1465 1500 1493 meus

118 1511 306 1551 Ecdicius
334 1512 533 1566 inlustrat,
565 1512 669 1565 pilae
697 1525 895 1566 vacamus,
929 1512 999 1552 sed
1026 1512 1102 1553 hoc
1129 1525 1176 1553 eo
1203 1525 1345 1567 usque,
1371 1513 1500 1554 donec

119 1571 309 1612 arborum
336 1574 466 1625 imago
494 1575 738 1613 contractior
770 1574 876 1613 intra
903 1574 1079 1626 spatium
1104 1585 1309 1614 ramorum
1335 1586 1501 1614 recussa

120 1631 354 1672 cohibeatur
393 1637 511 1685 atque
550 1633 633 1673 illic
666 1633 901 1674 aleatorium
934 1633 1051 1674 lassis
1084 1639 1322 1687 consumpto
1357 1634 1500 1687 sphae-

64 1704 99 1730 25
119 1693 280 1732 risterio
324 1693 453 1732 faciat.
513 1691 580 1734 16.
621 1694 690 1733 sed
725 1695 817 1746 quia
855 1693 947 1747 tihi,
990 1695 1095 1734 sicut
1126 1694 1354 1735 aedificium
1388 1694 1500 1749 solvi,

119 1753 176 1791 sic
215 1751 347 1792 lacum
385 1753 530 1807 debeo,
573 1754 678 1806 quod
718 1759 843 1794 restat
881 1766 1064 1806 agnosce.
1128 1753 1240 1794 lacus
1270 1756 1313 1794 in
1344 1754 1500 1795 Eurum

118 1811 274 1852 defluus
307 1818 425 1866 meat,
457 1815 624 1866 eiusque
657 1814 820 1854 harenis
853 1814 1112 1854 fundamenta
1146 1815 1344 1867 impressa
1370 1815 1497 1855 domi-

117 1871 201 1912 cilii
227 1874 358 1912 ventis
385 1873 631 1913 motantibus
658 1879 845 1914 aestuans
871 1878 1048 1914 umectat
1075 1873 1229 1914 alluvio.
1272 1876 1308 1915 is
1335 1875 1498 1928 quidem

118 1944 213 1972 sane
242 1934 349 1973 circa
374 1934 574 1986 principia
601 1935 664 1973 sui
692 1933 776 1973 solo
797 1933 967 1986 palustri
986 1936 1248 1987 voraginosus
1269 1939 1310 1975 et
1328 1937 1498 1988 vestigio

61 2004 97 2030 30
116 1994 360 2045 inspectoris
405 1993 627 2033 inadibilis:
672 1995 727 2033 ita
772 1993 857 2034 limi
901 1993 1030 2034 bibuli
1066 1995 1269 2047 pinguedo
1309 1995 1498 2037 coalescit

116 2052 386 2093 ambientibus
414 2065 502 2093 sese
530 2053 708 2094 fontibus
736 2054 889 2107 algidis,
915 2053 1103 2094 litoribus
1124 2054 1282 2107 algosis.
1322 2060 1498 2097 attamen

114 2112 247 2166 pelagi
271 2112 432 2153 mobilis
459 2126 624 2166 campus
650 2114 849 2154 cumbulis
882 2114 959 2154 late
981 2120 1141 2155 secatur
1160 2116 1496 2172 pervagabilibus,

213 2279 234 2312 3
262 2277 307 2312 de
341 2277 567 2314 consistorio
597 2278 628 2315 Ο
659 2281 671 2325 ΙΙ
710 2281 730 2314 5
758 2283 843 2326 post
874 2278 1011 2324 volupe
1045 2280 1130 2316 add.
1163 2291 1191 2316 s.
1220 2280 1242 2316 Z.
1276 2282 1335 2316 est
1360 2281 1496 2328 M¹T2‚

113 2324 229 2371 volup
266 2325 325 2360 est
351 2326 597 2373 Enyelbrecht
616 2329 628 2374 ΙΙ
649 2330 691 2363 11
719 2339 903 2374 prognem
930 2327 1099 2372 1:01123
1125 2327 1254 2374 imago
1287 2340 1340 2375 sp.
1364 2333 1387 2365 5
1413 2330 1435 2366 l.
1461 2342 1494 2367 v.

112 2373 238 2458 ΞνὶιιΤῙὲ
253 2374 270 2468 ΙΙΙΙ
290 2377 336 2410 24
361 2373 469 2410 illinc
501 2376 749 2413 Wilamowitz
768 2379 780 2423 ss
801 2379 846 2411 30
873 2379 960 2422 post
984 2375 1183 2412 inadibilis
1216 2388 1242 2413 s.
1272 2377 1294 2414 Ζ.
1322 2378 1409 2414 add.
1437 2380 1496 2414 est
