1592 2612
142 123 229 166 266

166 294 235 326 300

689 120 897 158 ΟΑΒΜΕΝ
921 120 967 158 V.

262 225 453 265 emeritus
485 224 652 277 iuvenis,
685 222 835 262 sterilis
869 223 1019 262 ieiunia
1051 227 1182 263 terrae

261 297 420 325 vomere
453 283 683 324 fecundans.
747 284 805 323 sic
839 283 1039 335 quondam
1072 282 1236 324 consule
1269 295 1391 324 curvo

262 344 444 385 vertebas
476 356 650 398 campos,
681 342 845 396 paulum
878 344 913 383 si
943 355 1042 396 pace
1075 347 1285 396 sequestra

263 405 428 445 classica
458 404 646 458 laxasses,
677 404 792 443 fortis
825 405 891 443 cui
922 403 1032 444 laeva
1063 403 1229 456 regebat

263 467 403 505 stivam
434 469 525 518 post
556 463 722 517 aquilas,
754 463 897 504 humili
929 464 1026 504 dum
1058 465 1195 505 iuncta
1227 465 1384 505 camino

260 527 422 566 victoris
456 525 608 565 fumum
639 524 797 564 biberet
828 524 999 577 palmata
1030 524 1206 566 bubulci.

166 594 236 627 305
321 585 520 638 Principis
554 587 707 625 interea
740 584 869 637 gladio
902 584 1148 626 lacrimabile
1181 585 1307 626 fatum

163 895 233 928 310

160 1197 230 1229 315

160 1498 230 1531 320

158 1799 227 1831 325

157 2100 228 2132 330

264 646 460 686 clauserat
490 646 647 700 Aetius3
680 647 795 686 cuius
829 658 906 699 quo
939 647 1065 687 tutius
1098 645 1164 687 ille

261 719 401 759 magna
433 705 623 746 Palatinis
657 707 920 759 coniungeret
952 708 1109 759 agmina
1139 707 1298 761 turmis,

260 771 395 807 evocat
426 767 533 807 hunc
564 766 764 819 precibus.
828 767 899 807 sed
931 779 1013 807 non
1046 780 1087 808 se
1120 780 1250 821 poena
1281 772 1462 809 moratur

259 828 463 880 sanguinis
496 827 613 867 ess'usi
646 822 880 883 (numerum
913 827 1128 881 collegerat
1159 840 1268 883 ergo,

260 900 339 927 non
372 889 549 927 animum
582 883 761 944 populi):
794 888 892 928 ferri
923 888 1026 928 mala
1060 890 1231 929 crimina
1263 889 1370 929 ferro

259 948 376 988 solvit
407 954 447 988 et
478 949 520 988 in
552 953 727 988 vestram
759 947 850 1001 plus
883 949 1060 990 concidit
1091 949 1158 989 ille
1190 950 1361 990 ruinam.

258 1010 336 1048 iam
368 1014 464 1048 tunc
497 1010 714 1061 imperium
744 1011 971 1061 praesentis
1003 1011 1201 1063 principis
1233 1022 1355 1050 aurea

258 1068 466 1109 volvebant
497 1068 600 1109 bona
633 1070 712 1109 fata
744 1069 852 1124 colu;
886 1069 955 1110 sed
987 1069 1148 1123 publica
1181 1070 1326 1111 damna

258 1129 446 1169 invidiam
480 1130 617 1181 fugere
649 1131 738 1170 viri.
803 1131 1046 1183 quicumque
1079 1131 1244 1171 fuerunt

258 1202 405 1229 nomen
437 1191 478 1229 in
510 1190 733 1242 Augustum
765 1189 870 1241 lecti,
905 1196 1070 1231 tenuere
1103 1190 1290 1231 relictum

259 1249 495 1290 Caesaribus
529 1250 691 1290 solium:
724 1255 937 1303 postquam
969 1256 1014 1291 tu
1040 1255 1155 1304 capta
1185 1251 1355 1306 laboras,

257 1310 333 1364 hic,
367 1310 471 1363 quod
504 1310 635 1364 habet,
667 1311 771 1351 fecit.
835 1311 1051 1352 Traianum
1084 1311 1214 1352 Nerva
1245 1313 1411 1366 vocavit,

258 1383 349 1410 cum
380 1372 525 1422 pignus
557 1372 635 1410 iam
667 1373 795 1411 victor
827 1376 929 1426 erat3
963 1371 1226 1413 Germanicus
1259 1377 1368 1413 esset

256 1435 300 1470 ut
330 1430 470 1484 titulis,
500 1433 655 1471 meritis
688 1432 829 1472 fuerat.
892 1445 959 1473 res
992 1433 1132 1473 ordine
1165 1434 1310 1487 currit3

256 1491 358 1530 hanc
390 1491 513 1531 ambit
547 1493 700 1546 famam,
733 1494 917 1545 quisquis
951 1495 1009 1533 sic
1042 1495 1196 1546 incipit.
1260 1493 1356 1533 olim

255 1556 345 1604 post
377 1550 548 1604 Capreas
581 1552 729 1607 Tiberi,
760 1558 851 1605 post
882 1555 1017 1606 turpia
1049 1555 1213 1594 numina
1246 1552 1332 1608 Gai,

255 1623 466 1651 censuram
499 1611 650 1666 Claudi,
683 1613 877 1653 citharam
909 1613 1184 1667 thalamosque
1217 1613 1404 1668 Neronis,

255 1676 345 1723 post
377 1672 529 1724 speculi
561 1674 746 1713 immanis
779 1686 977 1729 pompam,
1011 1687 1090 1727 quo
1124 1687 1167 1715 se
1200 1673 1266 1714 ille
1299 1673 1459 1714 videbat

254 1731 348 1771 hinc
380 1734 523 1786 turpis,
556 1733 661 1785 quod
693 1733 874 1788 pulcher,
907 1734 1023 1789 Otho,
1054 1740 1147 1788 post
1179 1736 1302 1788 quina
1333 1734 1468 1775 Vitelli

255 1791 362 1831 milia
395 1792 536 1832 famosi
567 1795 718 1834 ventris
753 1794 937 1835 damnata
968 1794 1171 1850 barathro,

254 1851 316 1891 his
348 1852 476 1892 titulis
508 1855 697 1906 princeps
729 1848 862 1895 lectus
891 1855 1093 1908 similique
1126 1855 1263 1896 labore

254 1911 520 1964 Vespasianus
553 1920 648 1954 erat.
712 1915 782 1954 sed
815 1928 865 1955 ne
898 1916 1068 1956 fortasse
1100 1916 1269 1956 latronis

255 1984 317 2010 me
351 1971 524 2012 clausam
556 1976 702 2014 virtute
735 1980 865 2029 putes,
898 1978 1150 2029 consumpsit
1181 1978 1223 2016 in
1255 1975 1323 2016 illo

256 2033 335 2070 vim
368 2034 497 2083 gentis
531 2035 632 2074 vitae
664 2037 824 2089 vitium3
857 2036 1084 2089 Scythicam
1116 2037 1315 2077 feritatem

255 2104 334 2130 non
367 2093 485 2146 vires,
518 2094 588 2133 sed
621 2100 710 2134 vota
741 2101 892 2149 tenent,
925 2096 1145 2150 spoliisque
1177 2099 1330 2150 potitus

255 2153 462 2191 immensis
495 2153 618 2193 robur
650 2155 747 2195 luxu
778 2157 856 2195 iam
884 2157 1062 2209 perdidit
1093 2169 1224 2211 omne,

256 2224 334 2264 quo
367 2212 499 2266 valuit,
532 2214 626 2254 dum
658 2228 811 2267 pauper
843 2223 938 2256 erat.
1000 2230 1086 2257 mea
1114 2219 1268 2258 viscera
1298 2230 1373 2270 pro
1406 2229 1449 2258 se

258 2273 299 2311 in
331 2284 395 2311 me
428 2285 534 2313 nunc
567 2281 710 2329 armat,
742 2275 897 2316 laceror
930 2282 988 2316 tot
1020 2283 1133 2330 capta
1166 2290 1238 2331 per
1270 2289 1397 2317 annos

229 2403 299 2435 326
325 2399 450 2435 labori
479 2401 635 2438 GPTF
652 2403 664 2449 Η
