1592 2612
106 111 195 156 236
536 105 547 119 ·
612 109 758 146 LIBER
782 108 961 146 NONUS.

269 220 318 254 35·
349 212 529 253 subditos
562 212 672 251 senis
703 210 874 264 pedihus
907 210 1035 250 rotavi

516 276 711 312 commate
742 271 850 311 bino.

353 368 468 409 Nunc
498 381 572 421 per
603 367 783 408 undenas
816 368 996 420 equitare
1031 371 1169 407 suetus

351 428 520 482 syllabas
552 428 631 469 lusi
663 427 771 468 celer
802 433 920 481 atque
952 432 1081 467 metro

351 488 548 542 Sapphico
581 488 724 529 creber
756 489 903 543 cecini,
936 489 1056 528 citato

270 557 316 590 40
516 561 632 589 rarus
666 548 809 588 iambo.

352 645 434 686 Nec
467 645 671 685 recordari
705 657 825 699 quen,
859 650 1005 698 quanta
1038 644 1240 698 quondam

355 707 589 759 scripserim
620 707 751 758 primo
784 707 941 746 iuvenis
974 705 1125 760 calore3

352 766 459 806 unde
491 779 583 819 pars
616 767 744 806 maior
775 767 930 806 utinam
962 767 1089 806 taceri

513 828 644 879 possit
675 831 716 867 et
746 825 856 866 abdi!

269 930 314 963 45
347 922 447 962 Nam
480 924 699 963 senectutis
731 924 921 976 propiore
952 928 1060 964 meta

332 983 542 1036 -quicquid
575 985 766 1023 extremis
800 985 1001 1024 sociamur
1033 985 1167 1038 annis,

350 1043 440 1096 plus
472 1043 614 1098 pudet,
647 1045 682 1084 si
714 1044 809 1098 quid
841 1044 927 1085 leve
959 1044 1056 1085 lusit
1088 1049 1215 1101 aetas,

514 1116 621 1144 nunc
652 1106 870 1146 reminisci.

354 1200 467 1247 Quod
499 1200 813 1253 perhorrescens
845 1202 894 1242 ad
927 1202 1193 1256 epistularum

271 1269 316 1301 50
348 1260 535 1301 transtuli
566 1261 718 1301 cultum
750 1274 875 1315 genus
909 1275 1026 1304 omne
1060 1275 1194 1318 curae,

353 1333 403 1361 ne
435 1333 530 1361 reus
563 1327 682 1362 cantu
713 1322 980 1375 petulantiore

516 1383 591 1421 sim
623 1395 717 1422 reus
750 1388 858 1438 actu3

352 1477 440 1518 Neu
471 1483 590 1530 puter
623 1478 722 1519 solvi
753 1492 826 1532 per
858 1493 1026 1521 amoena
1058 1480 1181 1535 dicta,

353 1537 512 1578 schema
545 1540 579 1578 si
612 1539 760 1580 chartis
792 1540 1058 1594 phalerasque
1090 1543 1275 1597 iungam,

273 1605 318 1638 55
351 1597 489 1638 clerici
521 1611 570 1638 ne
604 1600 699 1652 quid
732 1600 905 1641 maculet
939 1603 1117 1654 rigorem

513 1659 617 1699 fama
647 1665 799 1713 poetae.

351 1753 531 1807 Denique
565 1755 613 1795 ad
647 1756 815 1808 quodvis
849 1759 1093 1810 epigramma
1124 1759 1290 1812 posthac

351 1826 431 1854 non
464 1815 569 1854 ferar
600 1828 770 1869 pronus,
802 1821 1022 1871 teneroque
1055 1823 1185 1859 metro

351 1874 414 1913 vel
446 1877 556 1926 gravi
588 1875 742 1915 nullum
774 1878 852 1917 cito
886 1891 1006 1931 cogar
1038 1879 1182 1919 exhinc

270 1941 316 1974 60
515 1948 702 1987 promere
734 1949 915 1978 carmen:

354 2028 664 2071 Persecutorum
695 2034 776 2072 nisi
809 2036 1064 2085 quaestiones

354 2089 521 2130 forsitan
554 2091 683 2131 dicam
715 2094 961 2147 meritosque
989 2095 1144 2136 caelum

355 2155 550 2203 martyras
582 2153 725 2192 mortis
757 2155 887 2205 pretio
920 2168 1083 2207 parasse

516 2213 694 2263 praemia
725 2214 839 2254 vitae.

201 2349 236 2375 v.
258 2341 304 2373 44
329 2339 459 2384 posset
485 2339 725 2385 Luetjohann
756 2343 767 2387 11
799 2353 832 2377 v.
854 2345 900 2377 49
926 2341 1005 2378 iam
1036 2344 1138 2389 quod
1163 2344 1384 2381 horrescens
1413 2343 1445 2381 G
1469 2344 1482 2392 ΙΙ
1539 2348 1547 2358 ·

105 2397 141 2422 v.
162 2389 208 2422 53
234 2397 283 2422 ne
309 2397 402 2423 corr.
430 2388 472 2423 in
498 2398 573 2423 neu
599 2388 651 2423 M
656 2389 675 2434 ¹,
702 2400 771 2424 nec
798 2401 890 2427 corr.
918 2392 960 2427 in
985 2402 1060 2427 neu
1090 2393 1144 2428 F¹
1164 2394 1176 2440 ss
