1592 2612
91 187 111 206 ι
171 176 618 216 summus-Domo
643 167 804 214 PAPAE
829 177 1023 235 rAus'ro
1050 176 1292 214 SALUTEM.
1360 176 1451 220 215

71 274 283 321 sissimum
312 278 541 335 multiplex,
572 291 664 320 acre
697 278 881 333 sublime,
919 279 1120 331 digestum
1155 278 1284 319 titulis
1316 291 1450 318 exem-

75 339 234 394 plisque
266 345 519 394 congestum,
555 339 791 392 bipertitum
823 339 899 379 sub
931 339 1079 391 dialogi
1116 339 1336 392 schemate,
1374 338 1450 379 sub

74 400 495 442 causarum-themate
533 400 881 453 quadripertitum.
945 400 1165 452 scripseras
1197 404 1331 439 autem
1361 398 1451 451 plu-

76 462 179 502 rima
210 460 399 501 ardenter
428 459 542 514 plura
574 472 780 513 pompose,
812 459 1052 513 simpliciter
1078 461 1159 500 ista
1184 471 1259 500 nec
1284 461 1451 513 rustice,

74 525 215 574 argute
245 519 314 561 illa
350 533 426 561 nec
464 519 623 574 callide,
667 522 801 573 gravia
838 525 994 560 mature
1027 519 1227 572 profunda
1264 519 1449 573 sollicite,
1486 530 1504 557 5

74 581 196 622 dubia
220 585 452 622 constanter
475 585 759 633 argumentosa
784 580 1061 634 disputatorie,
1088 580 1283 633 quaedam
1309 592 1448 620 severe

75 642 287 694 quaepiam
310 640 468 695 blande,
499 646 643 682 cuncta
668 640 875 681 moraliter
899 640 1014 689 lecte,
1046 646 1233 693 potenter
1259 640 1448 694 eloquen-

73 703 242 742 tissime.
307 700 374 743 11.
412 702 547 754 itaque
590 714 664 754 per
704 706 813 741 tanta
856 706 896 741 te
941 713 1088 753 genera
1131 700 1324 741 narrandi
1363 706 1448 741 toto

75 761 292 802 latissimae
323 761 552 802 dictationis
585 774 725 815 campo
765 766 927 801 secutus
959 760 1017 800 nil
1050 762 1092 800 in
1124 761 1310 801 facundia
1341 766 1450 801 cete-

74 834 226 876 rorum,
256 821 315 862 nil
345 823 389 862 in
419 823 592 875 ingeniis
624 821 739 862 facile
765 822 955 874 perspexi
980 823 1091 861 iuxta
1115 820 1296 874 politum.
1347 834 1449 874 quae
1471 832 1506 858 10

74 895 139 922 me
170 890 265 922 vera
296 884 446 922 sentire
486 884 583 923 satis
621 881 837 935 approbas,
881 894 973 921 cum
1011 894 1086 922 nec
1124 881 1301 922 offensus
1334 881 1460 921 aliter'

74 942 229 983 iudico:
283 942 457 996 denique
490 942 668 983 absentis
700 943 840 995 oratio,
879 946 1071 994 quantum
1104 943 1327 995 opinamur,
1358 941 1450 994 plus

74 1004 216 1055 nequit
248 1014 445 1057 crescere,
482 1004 562 1042 nisi
594 1003 764 1043 forsitan
796 1001 947 1055 aliqm‘d
978 1002 1042 1042 his
1075 1001 1193 1041 addat
1225 1014 1360 1042 coram
1392 1001 1450 1042 lo-
1477 999 1485 1005 '

74 1064 237 1116 quentis
256 1064 432 1103 auctoris
452 1075 527 1103 vox
547 1075 701 1116 manus,
726 1067 859 1102 motus
878 1062 1009 1115 pudor
1028 1062 1181 1102 artifeX.
1236 1060 1303 1102 12.
1323 1063 1450 1114 igitur

73 1122 139 1163 his
169 1124 294 1163 animi
329 1122 634 1176 litterarumque
672 1123 833 1163 dotibus
870 1122 1078 1175 praeditus
1115 1122 1328 1162 mulierem
1359 1122 1447 1175 pul-
1470 1134 1504 1161 15

73 1182 224 1238 chram,
262 1182 333 1233 sed
365 1182 474 1223 illam
506 1183 810 1224 deuteronomio
844 1181 1083 1236 astipulante
1115 1182 1347 1236 nubentem,
1379 1182 1450 1222 do-

74 1244 183 1284 mine
204 1255 319 1313 papa,
343 1242 419 1283 tibi
438 1245 602 1298 iugasti3
629 1256 747 1297 quam
767 1248 811 1284 tu
832 1243 990 1283 adhuc
980 1244 1136 1283 iuvenis
1155 1244 1262 1283 inter
1280 1242 1450 1283 hostiles

72 1294 329 1356 conspicatus
361 1309 559 1358 catervas,
597 1309 716 1357 atque
754 1303 835 1343 illic
868 1305 911 1343 in
942 1305 1035 1343 acie·
1066 1304 1290 1343 contrariae
1322 1305 1450 1356 partis

72 1363 308 1417 adamatam,
338 1363 396 1404 nil
420 1376 494 1417 per
520 1336 726 1404 obstantes
745 1363 932 1417 repulsus
951 1363 1226 1417 proeliatores,
1255 1363 1446 1403 desiderii

73 1422 239 1464 brachio
270 1395 456 1464 vincente
488 1426 670 1478 rapuisti,
701 1423 994 1477 philosophiam
1027 1423 1193 1477 scilicet,
1231 1436 1332 1476 quae
1365 1425 1448 1463 vio·
1469 1435 1504 1461 20

74 1482 204 1523 lenter
236 1495 257 1523 e
288 1496 457 1524 numero
492 1483 776 1537 sacrilegarum
805 1485 951 1524 artium
977 1488 1161 1536 exempta
1186 1496 1278 1523 raso
1304 1483 1448 1537 capillo
1559 1484 1562 1488 '

73 1543 302 1596 superfluae
335 1543 543 1596 religionis
577 1557 622 1584 ac
654 1543 869 1597 supercilio
897 1545 1087 1584 scientiae
1121 1543 1339 1584 saecularis
1366 1557 1449 1584 am-

74 1602 306 1656 putatisque
338 1609 660 1657 pervetustarum
691 1605 862 1644 vestium
895 1605 1018 1657 rugis,
1050 1603 1091 1643 id
1123 1608 1185 1643 est
1209 1605 1338 1644 tristis
1365 1604 1449 1644 dia-

74 1663 241 1704 lecticae
273 1663 445 1704 ssexibus
477 1663 577 1704 falsa
599 1676 756 1704 morum
782 1669 822 1705 et
847 1663 986 1704 illicita
1011 1663 1256 1717 velantibus,
1279 1666 1447 1717 mystico

74 1723 262 1777 amplexu
281 1726 361 1764 iam
387 1724 587 1764 defaecata
613 1730 747 1764 tecum
773 1723 952 1764 membra
978 1725 1196 1764 coniunxit.
1250 1722 1318 1764 13.
1350 1724 1448 1764 haec
1469 1735 1504 1761 25

73 1783 125 1825 ab
157 1786 274 1825 annis
305 1789 437 1824 vestra
481 1786 560 1824 iam
597 1784 748 1825 dudum
785 1784 1004 1837 pedisequa
1047 1783 1306 1837 primoribus,
1350 1783 1450 1824 haec

75 1850 145 1885 tuo
177 1844 294 1885 lateri
325 1857 460 1885 comes
493 1844 785 1899 inseparabilis,
818 1846 901 1885 sive
933 1846 974 1884 in
1007 1843 1218 1896 palaestris
1244 1845 1448 1884 exerceris

75 1903 242 1945 urbanis
287 1907 370 1945 sive
416 1906 458 1944 in
502 1904 699 1945 abstrusis
749 1917 952 1945 macerare
998 1903 1300 1957 solitudinibus,
1350 1903 1449 1944 haec

74 1964 268 2005 Athenaei
305 1977 489 2018 consors,
533 1965 630 2006 haec
667 1966 920 2019 monasterii,
962 1970 1095 2004 tecum
1127 1964 1348 2005 mundanas
1380 1963 1448 2003 ab·
1489 2000 1497 2008 ,

72 2023 193 2079 dicat,
224 2030 358 2065 tecum
391 2037 586 2078 supernas
616 2025 820 2078 praedicat
851 2024 1096 2078 disciplinas.
1160 2024 1252 2064 huic
1286 2023 1446 2077 copula·
1466 2036 1502 2062 30

75 2089 162 2125 tum
188 2090 228 2125 te
253 2087 509 2125 matrimonio
531 2087 600 2138 qui
626 2084 887 2139 lacessiverit,
914 2087 1059 2125 sentiet
1085 2084 1277 2124 ecclesiae
1298 2083 1449 2124 Christi

76 2143 253 2186 Platonis
285 2146 538 2186 Academiam
577 2145 749 2186 militare
787 2151 906 2199 teque
944 2145 1119 2185 nobilius
1156 2143 1448 2199 philosophari3

177 2264 195 2295 1
222 2260 347 2297 titulis
379 2260 637 2306 exemplisque
669 2263 892 2308 congestum
925 2273 992 2298 om.
1021 2261 1053 2297 G
1085 2262 1097 2306 ll
1134 2264 1156 2295 4
1182 2259 1324 2295 rustice
1348 2264 1392 2296 ut
1415 2272 1448 2297 v.

74 2319 169 2345 era-3.
191 2309 268 2354 M¹‚
284 2321 359 2351 om.
385 2309 501 2346 CPF
517 2313 530 2354 υ
550 2313 570 2345 9
598 2308 867 2364 dingcationis
896 2311 952 2354 (ut
977 2321 1009 2345 v.
1036 2320 1128 2345 corr.
1155 2319 1201 2344 ex
1226 2304 1448 2344 dictationis

77 2356 141 2392 M¹
147 2357 222 2402 )M‚
247 2356 451 2394 dicationis
480 2357 561 2393 PF
584 2359 597 2402 ΙΙ
624 2361 668 2393 10
693 2357 733 2393 in
758 2362 843 2394 ante
868 2356 1034 2403 ingeniis
1060 2368 1087 2393 8.
1115 2357 1138 2392 l.
1165 2357 1252 2393 add.
1279 2356 1353 2401 M1,
1379 2368 1447 2394 om.

79 2403 156 2440 OF
175 2407 182 2450 Ι
203 2386 316 2441 f’acile
341 2418 369 2442 s.
397 2406 420 2442 l.
447 2406 534 2442 add.
555 2405 714 2451 M¹1114
740 2405 801 2441 his‘
825 2405 943 2452 igitur
971 2405 1093 2450 01128
1119 2415 1310 2441 macerare
1337 2407 1447 2450 (corr.

32 2494 34 2496 ,
74 2452 119 2488 in
145 2463 333 2490 macerere
360 2454 408 2489 Μ
415 2454 563 2499 91))111
570 2454 650 2499 GP
674 2464 864 2489 macerere
894 2453 933 2489 F
949 2455 960 2499 ll
