1592 2612
404 148 635 186 SIDONIUS
659 148 834 186 TURNO
859 147 955 186 SUO
982 148 1228 187 SALUTEM.
1422 149 1508 192 101

118 252 333 294 conficeris
370 250 548 306 occulto,
589 251 697 304 quod
729 250 837 292 filius
871 250 1035 304 publico
1067 263 1253 292 maerore
1285 251 1510 291 conficitur.

119 315 188 355 cui
218 313 366 354 fecisse
396 324 462 353 me
495 317 655 353 constat
684 312 906 366 plurimum
934 313 1122 367 iniuriae,
1154 314 1191 353 si
1215 317 1261 353 tu
1285 317 1423 352 tamen
1448 311 1511 352 vel

118 386 263 428 parum
294 374 456 428 feceris,
487 385 609 426 quam
640 378 765 427 certe,
795 378 842 414 ut
867 385 1000 427 spero,
1031 386 1115 414 non
1145 373 1283 427 facies,
1314 374 1396 413 nisi
1421 384 1511 413 sco-

118 434 228 489 pulis
259 434 403 475 durior
432 433 556 474 duras
581 439 651 474 aut
676 433 956 474 adamantibus
982 434 1154 487 rigidior
1184 446 1423 487 perseveras
1449 435 1512 473 in-

121 494 379 536 secabilibus.
435 493 475 536 3.
509 507 606 547 ergo
646 496 681 534 si
720 494 769 535 de
807 494 991 535 moribus
1028 496 1112 535 tuis
1150 495 1281 548 deque
1321 495 1513 535 amicitiis
1551 505 1569 532 5

120 557 228 596 iuste
259 555 428 596 meliora
458 568 687 609 praesumO,
725 560 916 596 excusato
947 557 1151 609 propitius
1183 555 1361 609 indulge,
1393 567 1514 608 quem

119 616 389 658 reconcilians
426 616 514 656 fore
545 615 707 656 fidelem
739 621 973 657 constanter
1003 618 1047 656 in
1078 621 1289 670 posterum
1321 615 1515 670 spondeo,

121 690 283 731 quoque
313 676 508 718 velociter
538 676 656 730 culpa
688 676 820 717 soluto
853 689 927 730 ego
958 676 1158 717 beneficio
1190 677 1313 731 ligor,
1349 688 1515 730 magno-

122 750 221 792 pere
254 738 499 792 deposcens,
535 750 619 778 non
650 743 697 778 ut
727 739 914 790 ignoscas
946 738 1067 778 modo
1099 750 1242 778 verum
1273 743 1319 778 ut
1350 742 1391 777 et
1419 749 1515 790 pro-

120 800 246 853 tinus,
277 804 319 839 et
348 803 622 838 revertentem
654 810 736 838 non
767 798 887 838 domo
921 798 1052 839 solum
1085 799 1156 838 sed
1189 804 1230 839 et
1254 803 1419 852 pectore
1447 797 1515 838 ad·
1535 808 1572 835 10

122 861 273 900 mittas.
324 859 425 900 deus
458 871 620 913 magne,
659 872 780 912 quam
811 859 940 899 laetus
974 860 1130 900 orietur
1160 858 1237 899 tibi
1268 859 1379 913 dies,
1415 858 1517 899 mihi

123 921 307 975 nuntius,
339 921 497 960 animus
529 919 602 973 illi,
635 932 727 960 cum
759 921 941 973 paternis
972 919 1146 972 pedibus
1179 920 1331 960 affusus
1364 932 1411 960 ex
1446 918 1516 966 illo

125 993 196 1021 ore
227 980 351 1035 laeso,
383 993 453 1020 ore
485 979 679 1035 terribili,
711 980 809 1020 dum
841 982 1068 1021 convicium
1102 985 1301 1035 expectat,
1332 979 1518 1020 osculum

124 1039 349 1095 exceperit!
398 1040 496 1082 vale.

740 1171 902 1215 XXIV.

412 1254 642 1291 SIDONIUS
668 1254 839 1291 TURNO
868 1254 963 1291 SUO
991 1254 1235 1291 SALUTEM.
1539 1269 1574 1296 15

219 1330 258 1374 1.
290 1332 399 1373 Bene
431 1334 606 1387 nomini,
644 1332 748 1373 bene
786 1334 950 1395 negotio
989 1338 1059 1373 tuo
1095 1334 1284 1386 congruit
1313 1332 1520 1373 Mantuani

127 1393 243 1434 illud:

187 1454 367 1508 Turne,
401 1453 528 1506 quod
561 1455 759 1507 optanti
791 1454 953 1494 divum
984 1456 1280 1507 promittere
1311 1466 1449 1494 nemo

190 1514 422 1568 auderet,
452 1513 691 1555 volvenda
724 1514 830 1554 dies
863 1527 920 1554 en
952 1514 1121 1555 attulit
1152 1514 1299 1555 ultro.

127 1576 343 1629 pecuniam
374 1579 491 1627 pater
521 1580 615 1614 tuus
641 1574 807 1628 Turpio,
839 1576 901 1614 vir
931 1574 1190 1629 tribunicius,
1222 1580 1405 1615 mutuam
1435 1576 1519 1628 pri·
1540 1585 1576 1611 20

131 1636 244 1690 dem,
288 1637 324 1676 si
361 1634 609 1689 recordaris,
653 1647 675 1675 a
713 1635 886 1675 Maximo
924 1635 1105 1676 Palatino
1136 1635 1355 1688 postulavit
1391 1637 1520 1688 impc-

128 1698 344 1751 travitque,
375 1694 434 1736 nil
466 1695 631 1748 quidem
663 1694 751 1736 loco
784 1695 955 1736 fiduciae
984 1697 1248 1749 pignorisque
1274 1695 1338 1736 vel
1364 1697 1521 1748 argenti

130 1762 392 1811 sequestrans
423 1755 487 1797 vel
518 1755 702 1809 obligans
734 1756 1011 1810 praediorum3
1050 1756 1141 1810 sed,
1175 1762 1220 1797 ut
1252 1756 1519 1809 chirographo

132 1819 238 1859 facto
277 1817 464 1871 docetur,
503 1822 619 1857 cauta
657 1818 878 1857 centesima
916 1822 979 1857 est
1011 1817 1273 1870 faeneratori,
1311 1829 1413 1869 quae
1445 1829 1520 1870 per

127 1878 300 1919 bilustre
344 1877 541 1931 producta
585 1882 746 1930 tempus
785 1877 950 1918 modum
988 1879 1111 1918 sortis
1151 1877 1200 1917 ad
1245 1877 1412 1930 duplum
1451 1877 1520 1917 ad·
1539 1887 1575 1914 25

129 1939 255 1980 duxit.
318 1937 358 1980 2.
398 1938 469 1978 sed
508 1950 601 1978 cum
638 1943 753 1991 pater
792 1943 888 1979 tuus
926 1940 1049 1978 morti
1086 1939 1338 1992 propinquae
1377 1937 1519 1978 morbo

130 1998 391 2040 incumbente
419 1998 703 2039 succumberet
728 2004 848 2052 atque
869 1998 920 2039 ob
946 1999 1023 2039 hoc
1048 1999 1184 2052 ipsum
1203 1998 1364 2051 publica
1384 2003 1519 2038 aucto-

128 2061 229 2100 ritas
272 2059 376 2100 male
421 2058 619 2099 valentem
663 2059 995 2112 patremfamilias
1039 2059 1256 2100 violentius
1301 2058 1349 2098 ad
1391 2059 1519 2099 refor-

128 2120 322 2160 mandum
360 2118 543 2160 debitum
580 2124 731 2160 artaret
762 2133 838 2160 nec
871 2122 1065 2160 sustineri
1097 2119 1249 2160 valeret
1280 2118 1519 2172 improbitas

130 2186 413 2234 executorum,
462 2180 737 2233 proficiscenti
779 2181 879 2220 mihi
923 2180 1110 2221 Tolosam
1155 2182 1235 2220 iam
1281 2179 1519 2233 desperatus
1540 2191 1576 2218 so

230 2300 276 2333 18
300 2296 416 2343 Verg.
436 2296 530 2332 Aen.
550 2295 613 2342 IX,
635 2301 656 2333 6
671 2308 725 2342 sq.

231 2350 249 2382 1
277 2357 329 2382 an
349 2344 500 2381 occulto
522 2348 689 2391 angore?
711 2349 716 2391 Ι
738 2344 892 2391 publice
917 2345 974 2391 Cu
994 2350 1014 2380 2
1035 2356 1095 2380 me
1116 2343 1254 2380 fecisse
1277 2344 1335 2392 ΟΙ
1356 2348 1399 2381 13
1428 2344 1520 2380 dum

131 2393 346 2430 convicium
372 2394 551 2439 expectat
570 2393 665 2436 LN,
692 2393 908 2430 convicium
933 2394 1139 2439 expectans
1159 2393 1209 2429 M
1215 2393 1286 2430 GT
1301 2395 1314 2441 u
1335 2397 1379 2430 15
1405 2394 1518 2430 inser.

131 2453 201 2478 om.
221 2442 258 2479 L
275 2443 289 2488 u
307 2445 354 2478 25
381 2441 538 2488 duplam
564 2442 614 2478 M
618 2441 650 2478 0
664 2444 677 2488 ΙΙ
