1592 2612
135 144 223 188 282
664 138 869 178 CARMEN
893 139 974 176 vn.

256 244 425 285 rictibus
458 248 575 296 atque
608 254 720 282 escas
754 243 888 282 ieiuna
920 241 1033 281 fauce
1067 243 1275 295 parantem

162 315 229 347 180
255 305 344 358 plus
378 304 518 344 catulis
551 304 690 343 stravit
723 298 901 358 (fuerant
933 313 1025 341 nam
1056 300 1253 352 fragmina
1283 294 1470 356 propter)

255 370 411 417 arrepta
443 364 491 404 de
524 368 637 403 caute
670 363 824 415 lupam,
858 362 1088 414 fractusque
1121 359 1264 400 molari

254 425 427 465 dissiluit
453 429 589 464 vertex
623 428 662 463 et
694 435 834 463 saxum
865 422 1030 463 vulnere
1065 420 1179 461 sedit.

254 487 311 525 sic
343 497 455 525 meus
487 484 664 537 Alcides,
699 483 870 523 Nemeae
904 483 999 522 dum
1033 480 1200 522 saltibus
1233 486 1359 536 errat,

254 546 427 585 occurrit
459 549 638 584 monstro
671 556 841 597 vacuus,
874 555 954 583 non
986 541 1132 582 robora
1163 546 1347 596 portans,

159 614 226 648 185
252 618 333 645 non
351 605 576 659 pharetras3
597 606 709 644 stetit
728 606 788 644 ira
807 604 985 644 fremens
1005 607 1124 655 atque
1139 602 1255 642 hoste
1275 602 1504 656 propinquo

253 665 454 706 consuluit
486 665 592 705 solos
624 666 752 705 virtus
784 664 950 717 decepta
982 663 1165 704 lacertos.

251 739 371 779 parva
403 726 584 780 quidem,
617 725 785 765 dicenda
817 730 970 764 tamen:
1004 725 1094 776 quis
1126 724 1352 776 promptior
1384 724 1462 763 isto

251 793 365 826 tensa
397 788 567 826 catenati
601 787 850 825 summittere
883 784 984 825 colla
1014 783 1180 824 Molossi

253 852 292 887 et
323 846 460 887 lustris
493 846 686 886 recubare
720 846 826 886 feras
858 847 1079 898 interprete
1112 856 1209 885 nare

160 915 226 948 190
254 907 409 947 discere
442 919 522 947 non
554 909 659 947 visas
692 912 731 947 et
763 908 804 946 in
837 918 927 946 aere
962 917 1157 958 quaerere
1188 901 1375 957 plantas?

252 969 330 1007 iam
363 969 397 1007 si
429 968 530 1007 sorte
564 979 677 1007 suem
709 966 921 1006 latratibus
954 965 1164 1019 improbus
1195 963 1347 1004 Umber

250 1029 413 1082 terruit,
446 1028 624 1067 albentes
656 1029 771 1080 nigro
805 1027 879 1067 sub
912 1031 1074 1079 gutture
1106 1025 1221 1066 lunas

253 1088 435 1140 frangere
468 1088 585 1128 ludus
619 1092 704 1127 erat
736 1087 1047 1140 colluctantique
1080 1086 1231 1126 lacerto

250 1154 358 1188 vasta
390 1161 462 1200 per
494 1149 678 1188 adversas
710 1147 904 1188 venabula
936 1159 1079 1200 cogere
1111 1146 1291 1199 praedas.

157 1216 223 1248 195
252 1221 370 1260 quam
389 1208 618 1262 pulchrum,
634 1221 724 1249 cum
745 1209 847 1248 forte
869 1208 1032 1248 domum
1045 1212 1138 1260 post
1150 1207 1277 1247 lustra
1295 1210 1505 1247 revertens

251 1269 417 1308 horrore
452 1269 680 1321 splenderet
713 1271 799 1322 apri
831 1270 1039 1321 virtusque
1071 1279 1301 1320 repugnans

250 1329 439 1381 proderet
471 1331 639 1369 invitum
671 1343 743 1381 per
775 1330 894 1369 fortia
926 1329 1028 1369 facta
1063 1325 1277 1381 pudorem!

251 1391 308 1428 sic
339 1389 570 1429 Pandioniis
602 1395 732 1430 castae
765 1389 996 1430 Tritonidos
1029 1390 1134 1429 arvis

249 1449 484 1502 Hippolytus
517 1462 632 1490 roseo
666 1451 810 1490 sudum
843 1449 1023 1490 radiabat
1054 1449 1103 1489 ab
1137 1461 1225 1502 ore,

161 1518 228 1550 200
257 1510 325 1549 sed
358 1510 494 1564 simul,
526 1524 547 1550 a
580 1512 738 1562 gemino
771 1511 943 1563 flagrans
977 1522 1068 1551 cum
1101 1509 1246 1550 Cressa
1277 1508 1413 1549 furore

251 1571 409 1609 transiit
441 1571 585 1610 affectu
617 1576 765 1611 matres
799 1576 838 1611 ct
870 1571 1009 1611 fraude
1042 1581 1248 1610 novercas.

251 1630 346 1682 quid
378 1630 586 1670 volucrum
620 1631 814 1685 studium,
848 1631 914 1671 dat
947 1643 1045 1686 quas
1077 1635 1220 1670 natura
1251 1641 1418 1682 rapaces

250 1692 290 1729 in
324 1690 464 1741 vulgus
497 1703 621 1743 prope
655 1689 896 1744 cognatum?
954 1693 1044 1744 quis
1078 1691 1234 1731 doctior
1265 1691 1343 1729 isto

251 1752 424 1790 instituit
456 1752 585 1791 varias
616 1764 689 1804 per
721 1752 856 1792 nubila
889 1753 1057 1804 iungere
1090 1748 1212 1791 lites?

153 1819 223 1851 205
251 1809 342 1850 alite
375 1812 498 1850 vincit
530 1824 640 1865 aves,
672 1812 874 1864 celerique
907 1825 981 1865 per
1013 1812 1175 1852 aethera
1206 1810 1351 1864 plausu

248 1870 324 1909 hoc
357 1870 456 1910 nulli
487 1871 631 1911 melius
663 1878 860 1924 pugnator
892 1872 1038 1912 militat
1068 1873 1227 1924 unguis.

248 1943 323 1970 nec
355 1932 487 1970 minus
519 1931 617 1971 haec
649 1933 755 1971 inter
787 1932 916 1972 civilia
949 1927 1038 1973 ius-a
1071 1937 1233 1972 secutus

248 1990 410 2042 eligitur
442 1992 614 2045 primus,
646 1993 820 2046 iuvenis,
853 1993 979 2047 solus,
1011 1992 1115 2033 mala
1145 1993 1294 2032 fractae

249 2050 383 2102 alliget
415 2056 459 2090 ut
491 2053 643 2103 patriae
676 2058 893 2105 poscatque
925 2054 1097 2093 informe
1130 2052 1258 2093 recidi

152 2118 222 2151 210
249 2110 428 2163 vectigal.
491 2124 705 2163 procerum
737 2117 822 2152 tum
854 2114 957 2154 forte
989 2115 1194 2166 potentior
1224 2112 1325 2166 illic,

225 2229 291 2262 181
320 2228 511 2272 arreptam
524 2227 613 2263 MT
630 2229 641 2272 11
662 2231 729 2264 182
758 2227 915 2264 dissiliit
928 2229 980 2264 M
995 2230 1007 2276 ΙΙ
1027 2232 1096 2265 185
1117 2229 1279 2265 fremens
1300 2227 1503 2264 Buecheler

128 2274 225 2319 (coll
244 2274 293 2310 A.
315 2275 360 2311 L.
382 2277 471 2320 881,
491 2278 539 2311 35
549 2275 614 2319 R)
643 2280 678 2312 et
709 2277 973 2313 Wilamowitz:
1005 2280 1173 2313 tremens
1193 2274 1403 2320 MbTGF,
1434 2286 1502 2322 po-

126 2325 211 2358 tens
238 2323 310 2358 Ma
333 2325 337 2368 Ι
359 2322 469 2358 hoste
495 2335 561 2360 om.
585 2324 635 2358 M
659 2325 671 2370 ΙΙ
705 2328 773 2359 199
799 2336 928 2360 roseus
960 2325 1077 2361 udum
1104 2326 1154 2362 M
1180 2327 1192 2371 11
1223 2327 1294 2360 200
1321 2287 1460 2359 simulp
1460 2324 1501 2371 a]

126 2370 265 2407 simula,
293 2371 335 2417 0,
370 2370 487 2406 simili
512 2373 562 2407 M
567 2372 648 2408 ΤΕ
671 2375 676 2418 1
706 2384 907 2418 congressa
934 2374 989 2415 M,
1029 2374 1096 2410 sed
1123 2372 1248 2420 simul,
1287 2383 1321 2419 a,
1348 2371 1501 2418 gemino

126 2418 365 2467 conflagrans
391 2418 447 2456 Cr.
474 2419 500 2456 f.
528 2420 603 2457 Leo
623 2422 635 2467 Η
655 2424 722 2456 201
751 2432 935 2458 novercae
967 2422 1013 2457 M
1032 2424 1044 2469 u
