1592 2612
281 114 512 153 SIDONIUS
536 114 853 153 CONSTANTIO
878 114 975 153 SUO
990 114 1244 172 SALUTEM.
1366 114 1455 159 201

706 285 826 330 XVI.

283 367 512 406 SIDONIUS
538 368 854 406 CONSTANTIO
880 368 975 406 SUO
1002 368 1245 406 SALUTEM.

170 445 208 488 1.
240 445 544 500 Spoponderam
567 445 773 501 Petronio,
797 445 962 486 inlustri
994 447 1094 500 viro,
1118 458 1313 499 praesens
1337 459 1458 500 opus-

78 505 215 548 culum
243 508 386 561 paucis
409 519 475 548 me
502 506 688 560 epistulis
714 506 1017 561 expediturum3
1044 508 1159 547 cuius
1185 506 1352 548 auribus
1376 519 1458 548 non

76 568 262 622 peperci,
297 567 394 608 dum
430 569 512 608 tuis
549 579 684 621 parco.
746 566 872 607 malui
907 579 1100 621 namque,
1137 572 1182 607 ut
1218 567 1333 608 illum
1370 580 1457 608 cor-

77 628 271 669 rectionis
301 626 427 682 labor,
457 632 498 668 te
528 630 660 668 honor
691 627 880 668 editionis
913 628 1113 680 aspiceret
1142 629 1455 681 perveniretque
1496 643 1516 670 5

77 689 122 729 in
151 699 296 729 manus
326 692 481 729 vestras
512 687 700 728 volumen
731 687 840 728 istud
873 687 1004 728 alieno
1035 687 1231 743 periculo,
1263 687 1458 741 obsequio

77 760 183 790 meo.
230 753 395 802 peracta
424 749 641 801 promissio
669 754 751 802 est3
782 760 876 788 nam
901 749 1047 801 peritia
1072 753 1140 788 tua
1167 750 1203 788 si
1229 754 1458 789 coactorum

77 810 123 850 in
151 808 408 849 membranas
439 810 628 862 inspiciat
659 810 773 861 signa
803 807 1028 863 titulorum,
1059 810 1140 849 iam
1165 810 1375 862 copiosum
1406 814 1459 862 te,

76 870 122 911 ni
153 868 287 923 fallor,
325 868 460 922 pulsat
497 868 719 923 exemplar3
751 870 831 909 iam
862 870 1023 909 venitur
1054 869 1104 909 ad
1134 871 1340 922 margines
1371 882 1459 910 um-

78 928 307 983 bilicorum,
326 930 407 970 iam
425 933 585 982 tempus
605 934 680 983 est,
698 934 744 970 ut
763 930 950 970 satiricus
977 930 1044 983 ait,
1064 928 1248 970 Orestem
1274 934 1459 970 nostrum
1479 943 1517 970 ιο

78 988 143 1030 vel
174 1001 298 1042 super
327 993 441 1042 terga
471 990 591 1030 finiri.
649 988 689 1030 2.
722 1001 803 1031 non
828 989 894 1030 hic
920 1001 994 1042 ego
1021 991 1342 1030 commenticiam
1361 990 1460 1030 Ter-

79 1049 297 1104 psichoren
327 1061 440 1090 more
474 1050 599 1090 studii
635 1051 785 1090 veteris
823 1049 974 1090 adscivi
1011 1062 1087 1090 nec
1124 1051 1236 1090 iuxta
1269 1052 1459 1091 scaturri-

79 1111 215 1164 ginem
253 1109 376 1150 fontis
422 1110 661 1163 Aganippici
700 1122 775 1163 per
815 1110 996 1150 roscidas
1037 1112 1148 1163 ripas
1194 1116 1234 1151 et
1276 1112 1460 1163 pumices

78 1171 281 1211 muscivos
320 1169 458 1210 stilum
494 1171 609 1210 traxi.
673 1175 792 1223 atque
836 1171 990 1211 utinam
1027 1170 1094 1211 hic
1137 1170 1196 1210 nil
1233 1171 1372 1225 molle,
1403 1170 1461 1211 nil

78 1230 261 1285 fluidum,
291 1230 349 1271 nil
380 1230 429 1270 de
462 1232 593 1270 triviis
624 1230 907 1284 compitalibus
933 1236 1159 1271 mutuatum
1190 1230 1459 1284 reperiretur!
1481 1244 1516 1271 15
1561 1233 1569 1240 ‘

80 1290 282 1344 siquidem
318 1295 494 1344 maturo,
535 1296 581 1331 ut
623 1303 668 1332 es
711 1293 816 1346 ipse,
856 1290 998 1331 lectori
1035 1303 1117 1331 non
1148 1296 1305 1332 tantum
1337 1291 1460 1332 dictio

80 1352 237 1392 exossis
261 1355 402 1391 tenera
427 1350 639 1406 delumbis,
665 1356 860 1404 quantum
884 1351 1091 1392 vetuscula
1117 1357 1253 1392 torosa
1278 1357 1319 1392 et
1344 1354 1461 1406 quasi

79 1410 259 1451 mascula
301 1410 442 1464 placet.
515 1411 585 1451 sed
637 1417 897 1452 reserventur
938 1413 1015 1452 ista
1064 1411 1310 1467 potioribus3
1360 1412 1461 1452 mihi

81 1471 243 1526 sufficit,
275 1472 310 1511 si
343 1472 422 1511 cito
454 1472 653 1525 ignoscas,
685 1471 793 1524 quod
826 1484 966 1512 sumus
997 1472 1114 1512 tardi.
1177 1471 1216 1514 3.
1248 1478 1459 1525 praeterea

83 1533 119 1572 si
159 1532 222 1572 vir
260 1530 445 1572 inlustris
488 1530 639 1584 aliquid
676 1532 844 1584 insuper
875 1531 1138 1584 ampliuscule
1181 1532 1307 1573 scribi
1338 1533 1460 1586 depo·
1481 1543 1516 1573 2‘0

80 1593 293 1646 poscisset‚
318 1593 361 1631 in
391 1603 526 1631 moras
552 1591 724 1644 grandes
756 1592 1053 1632 incidissemus.
1103 1605 1197 1632 nam
1227 1604 1301 1645 per
1332 1605 1460 1633 arma-

80 1651 183 1692 riola
208 1657 249 1693 et
272 1651 502 1692 zotheculas
532 1657 692 1692 nostras
722 1664 805 1692 non
830 1658 1113 1693 remanserunt
1144 1653 1263 1705 digna
1289 1652 1460 1706 prolatu.

82 1711 189 1753 unde
222 1724 432 1766 cognosce,
469 1712 588 1767 quod,
620 1713 698 1752 etsi
727 1717 862 1753 tacere
893 1712 1081 1767 necdum,
1112 1714 1318 1766 coepimus
1351 1719 1466 1753 certe.

82 1774 306 1827 taciturire,
338 1771 490 1826 duplici
517 1785 566 1812 ex
586 1785 723 1813 causa:
755 1778 812 1826 ut,
838 1774 874 1813 si
899 1772 1115 1827 placemus,
1140 1786 1267 1826 pauca
1293 1773 1461 1813 lecturis

81 1834 251 1874 incitent
275 1832 538 1886 voluptatem3
570 1834 606 1873 si
631 1833 865 1886 refutamur,
890 1845 972 1873 non
997 1835 1174 1874 excitent
1198 1833 1323 1874 multa
1350 1834 1460 1874 sasti—
1480 1846 1516 1874 25

81 1892 212 1947 dium,
244 1894 393 1946 quippe
426 1894 467 1932 in
499 1892 575 1933 hoc
608 1893 718 1947 stilo,
760 1895 826 1934 cui
869 1906 950 1933 non
987 1893 1166 1934 urbanus
1199 1893 1310 1947 lepos
1343 1895 1462 1947 inest,

82 1953 154 1995 sed
179 1965 331 2007 pagana
358 1952 605 2006 simplicitas.
655 1951 695 1994 4.
728 1953 834 1994 unde
861 1955 969 1994 enim
994 1953 1112 1994 nobis
1145 1953 1243 1994 illud
1270 1953 1462 2007 loquendi

182 2084 227 2118 10
253 2080 301 2118 cf.
327 2081 455 2117 luven.
484 2082 555 2118 sat.
576 2081 607 2128 Ι,
627 2084 715 2127 osq.

423 2140 562 2176 summi
585 2140 703 2187 plena
726 2139 804 2176 iam
829 2141 1002 2188 margine
1028 2140 1116 2177 libri

279 2189 443 2236 scriptus
470 2190 510 2225 et
534 2189 574 2224 in
598 2190 708 2235 tergo
733 2201 803 2225 nec
831 2189 920 2225 dum
946 2189 1075 2225 finitus
1103 2189 1267 2226 Orestes.

183 2254 204 2286 6
229 2251 378 2285 vestras
403 2260 538 2284 manus
561 2248 592 2285 G
617 2251 631 2295 ΙΙ
663 2254 684 2286 7
710 2250 883 2298 peracta]
910 2249 1075 2285 infracta
1095 2250 1301 2287 Mommsen
1331 2252 1344 2297 Ι]
1375 2253 1397 2286 8
1422 2250 1461 2286 in

84 2309 155 2334 om.
181 2297 248 2344 Lu
277 2302 321 2334 14
346 2297 536 2333 muscivos
562 2297 598 2333 L
622 2302 657 2334 et
682 2301 792 2343 (corr.
818 2299 860 2334 in
885 2297 1076 2333 muscidos
1103 2298 1237 2344 NDN,
1269 2299 1462 2335 muscidos

86 2346 307 2392 M0T1123
332 2345 495 2382 necdum
521 2345 610 2381 LN
612 2345 669 2392 M,
693 2346 861 2382 nondum
890 2346 961 2383 GT
980 2348 985 2391 Ι
1009 2345 1185 2392 cepimus⁸
1203 2346 1373 2393 cepimus
1401 2348 1435 2383 T
1451 2364 1463 2395 tl

86 2398 133 2430 ‘34
153 2399 238 2441 post
262 2393 461 2430 taciturire
488 2394 554 2441 leq.
581 2393 658 2429 iam
685 2394 979 2430 deliberavimus
1007 2395 1048 2430 in
1075 2394 1108 2431 0
1122 2397 1135 2441 Ι]
