1592 2612
0 0 215 28 rwwffiss'jffw
219 0 244 20 ³²⁶,
253 0 259 9 ⁷
265 3 272 11 ‘'

7 30 16 47 τ,
32 29 66 47 π
127 33 147 42 ⁷<
190 29 194 32 >

639 93 848 132 CARMEN
872 94 919 131 Π.
1382 92 1473 137 249

211 196 390 238 circulus
420 197 595 250 inpactis
626 196 794 237 loricam
825 197 957 237 texuit
986 191 1151 252 hamis),

212 257 287 299 sed
315 257 465 298 nudata
495 262 635 312 caput3
666 269 742 310 pro
774 258 888 297 crine
919 256 1134 297 racemifer
1165 256 1249 296 exit

209 317 386 372 plurima
415 330 490 371 per
520 318 696 358 frontem
728 319 1011 370 constringens
1043 316 1191 370 oppida
1221 315 1394 370 palmes,

113 387 185 422 325
211 391 366 433 perque
398 390 562 420 umeros
593 383 764 432 teretes,
794 377 1008 418 rutilantes
1038 389 1193 430 perque
1225 375 1398 417 lacertos

210 438 387 493 pendula
418 438 678 492 gemmiferae
708 438 950 479 mordebant
981 450 1155 491 suppara
1186 436 1331 478 bullae.

211 501 375 553 segnior
403 499 558 540 incedit
589 500 703 540 senio
734 499 1041 552 venerandaque
1074 497 1255 538 membra

210 561 440 601 viticomam
471 561 653 600 retinens
684 559 818 600 baculi
849 561 936 600 vice
969 559 1096 599 flectit
1127 558 1176 599 ad
1208 557 1375 599 ulmum.

210 621 282 661 sed
312 626 449 661 tamen
478 619 651 661 Ubertas
684 622 885 673 sequitur:
930 632 1182 673 quacumque
1214 620 1478 674 propinquat,

116 689 187 723 330
212 683 379 722 incessu
409 681 599 721 fecundat
629 682 726 735 iter3
758 682 1027 733 comitataque
1058 692 1245 733 gressum

211 741 315 782 laeta
346 754 422 795 per
452 743 672 794 impressas
703 746 814 782 rorat
845 741 1053 781 Vindemia
1084 740 1254 794 plantas.

211 801 323 843 ilicet
352 802 580 855 ingreditur
611 801 795 842 Tiberini
826 803 998 855 gurgitis
1029 806 1200 842 antrum.

213 862 404 904 currebat
434 862 582 903 fluvius
613 862 798 903 residens
831 869 872 902 et
902 862 1141 903 harundinis
1175 861 1277 902 altae

213 922 404 964 concolor
434 924 476 963 in
502 923 623 963 viridi
653 922 838 963 fluitabat
869 922 968 963 silva
998 922 1160 976 capill03

114 992 187 1026 335
214 983 283 1024 dat
313 985 491 1024 sonitum
522 988 659 1024 mento
690 983 799 1024 unda
830 983 998 1037 cadens,
1034 982 1132 1023 licet
1161 982 1321 1035 hispida
1353 983 1476 1022 saetis
1501 1014 1506 1018 ,

214 1045 436 1098 suppositis
467 1043 640 1084 multum
673 1044 834 1084 sedaret
863 1043 987 1084 barba
1019 1044 1238 1097 fragorem3

211 1110 376 1158 pectore
408 1104 594 1145 ructabat
624 1104 764 1145 latices
796 1104 991 1158 lapsuque
1024 1106 1145 1144 citato

213 1164 394 1206 sulcabat
423 1165 626 1205 madidam
658 1166 739 1205 iam
769 1170 931 1205 torrens
963 1164 1098 1205 alveus
1131 1163 1274 1204 alvum.

212 1230 392 1266 terretur
422 1227 610 1266 veniente
642 1226 716 1266 dea
747 1224 1015 1278 manibusque
1048 1226 1233 1265 remissis

115 1294 187 1328 340
213 1298 351 1327 remus
383 1291 425 1326 et
454 1299 557 1327 urna
589 1286 749 1327 cadunt.
811 1287 952 1326 veniae
983 1291 1071 1326 tum
1102 1284 1224 1326 verba
1254 1286 1415 1338 paranti

211 1346 280 1387 illa
309 1348 444 1400 prior:
477 1343 611 1387 ‘venio
642 1347 844 1387 viduatam
875 1346 1062 1400 praesule
1094 1351 1234 1386 nostro

214 1419 289 1460 per
318 1411 378 1461 te,
410 1408 447 1446 si
478 1406 651 1461 placeat,
682 1407 860 1447 lacrimis
892 1407 1101 1447 inflectere
1132 1406 1319 1446 Romam:

213 1472 375 1520 expetat
403 1467 584 1508 Aurorae
615 1472 751 1520 partes
778 1467 965 1520 fastuque
997 1472 1152 1507 remoto

211 1527 289 1568 hoc
319 1539 449 1568 unum
479 1533 675 1582 praestet,
706 1529 786 1568 iam
817 1527 909 1580 plus
941 1527 1130 1580 dignetur
1161 1528 1299 1567 amari.

117 1596 188 1631 345
213 1589 372 1628 instrue
405 1600 506 1641 quas
538 1593 705 1640 quaerat
734 1589 842 1628 vires
875 1587 1044 1640 orbique
1076 1589 1228 1628 iacenti

214 1661 293 1702 quo
325 1653 465 1702 poscat
496 1648 562 1688 dic
594 1647 691 1688 orbe
723 1653 854 1701 caput.
918 1660 1212 1700 quemcumque
1244 1648 1397 1688 creavit

213 1721 287 1749 axe
318 1721 409 1749 meo
442 1714 600 1763 natum,
632 1709 846 1749 confestim
879 1708 999 1761 fregit
1029 1710 1072 1748 in
1103 1707 1173 1748 illo

213 1770 376 1822 imperii
408 1769 568 1809 fortuna
599 1775 720 1809 rotas.
782 1769 878 1809 hinc
909 1768 1109 1809 Vandalus
1140 1768 1268 1808 hostis

215 1834 335 1883 urget
366 1834 407 1870 et
438 1831 481 1870 in
512 1834 698 1870 nostrum
729 1841 946 1870 numerosa
977 1828 1105 1869 classe
1139 1830 1353 1882 quotannis

116 1898 188 1932 350
212 1889 361 1930 militat
392 1890 617 1944 excidium,
649 1902 925 1942 conversoque
958 1890 1099 1930 ordine
1133 1890 1204 1929 fati

214 1950 370 1992 torrida
403 1950 627 1991 Caucaseos
658 1951 783 1991 infert
812 1950 914 1990 mihi
946 1949 1071 2004 Byrsa
1104 1950 1275 1990 furores.

215 2016 427 2065 praeterea
459 2012 633 2051 invictus
663 2010 861 2065 Ricimer‚
894 2023 1015 2064 quem
1046 2010 1207 2063 publica
1239 2011 1318 2050 sata

217 2073 463 2125 respiciunt,
495 2072 661 2124 proprio
694 2070 804 2112 solus
836 2073 902 2111 vix
934 2071 1061 2111 Marte
1093 2070 1254 2124 repellit

216 2133 388 2185 piratam
420 2144 494 2185 per
526 2144 621 2172 rura
652 2144 814 2186 vagum,
847 2133 917 2185 qui
948 2131 1101 2184 proelia
1133 2132 1263 2171 vitans

121 2201 192 2233 355
218 2194 412 2233 victorem
446 2192 638 2244 fugitivus
670 2194 763 2245 agit.
827 2194 918 2245 quis
951 2192 1116 2232 sufferat
1147 2191 1326 2246 hostem,

191 2336 261 2369 327
289 2331 395 2369 senio
421 2344 515 2369 corr.
541 2333 585 2368 in
615 2331 731 2379 genio
762 2344 810 2370 m.
831 2344 892 2388 pr.
920 2333 962 2369 in
995 2332 1179 2369 Vaticano
1205 2334 1328 2378 3421;
1364 2331 1479 2379 genio

97 2379 257 2417 GPTF
273 2382 286 2427 fl
304 2384 375 2418 329
402 2391 641 2427 quocumque
669 2380 711 2417 F
723 2383 736 2428 u
