1592 2612
0 0 245 64 ΡἙτεῑιῖτ-ῑτηᾱ
364 4 378 7 ⁴⁷

10 29 55 52 ,μμ
74 26 139 42 “HK'‘
166 35 168 37 ,
195 30 198 31 ⁷

329 142 561 182 SIDONIUS
585 142 880 181 PANNYCHIO
906 141 1002 180 SUO
1029 141 1272 180 SALUTEM.
1411 142 1508 186 117⁴

109 247 337 301 frequentis
379 247 608 301 impertias,
658 246 793 286 sciens
839 245 915 286 tibi
958 246 1003 286 in
1047 246 1194 286 animis
1238 244 1500 285 obsessorum

110 309 259 349 civium
289 306 401 348 illam
430 318 595 348 manere
628 307 813 361 gratiam,
845 318 947 360 quae
981 305 1243 347 obliviscatur
1274 305 1499 347 obsidentis

109 368 316 410 invidiam.
376 367 476 408 vale.

743 497 865 541 XIII.

339 580 570 618 SIDONIUS
594 580 887 618 PANNYCHIO
914 580 1009 618 SUO
1037 579 1281 618 SALUTEM.

204 657 242 699 1.
281 658 522 699 Seronatum
562 658 709 699 Tolosa
753 660 862 699 nosti
906 656 1071 699 redire?
1133 659 1170 698 si
1212 657 1394 698 nondum
1439 653 1501 714 (et
1538 669 1556 696 5

109 719 231 760 eredo
264 719 372 772 quod
404 715 618 775 nondum),
648 719 712 759 vel
742 732 818 772 per
847 719 949 760 baec
974 719 1097 759 disce.
1148 720 1230 758 iam
1255 718 1500 759 Clausetiam

109 781 244 834 pergit
267 779 494 820 Euanthius
523 781 685 833 iamque
712 784 938 820 contractas
966 792 1110 833 operas
1136 781 1244 832 cogit
1269 779 1502 834 eruderare,

112 842 150 881 si
194 840 292 894 quid
336 841 440 881 forte
485 840 647 880 deiectu
691 841 866 881 caducae
918 840 1075 880 frondis
1119 852 1242 893 agger
1285 839 1501 880 insorduit.

111 906 223 942 certe
256 902 292 941 si
324 901 422 954 quid
453 902 740 954 voraginosum
773 906 847 955 est,
879 903 967 954 ipse
998 901 1122 941 humo
1156 900 1320 941 advecta
1346 900 1500 940 scrobi-

109 961 187 1002 bus
225 961 400 1015 oppletis
436 962 622 1015 trepidus
662 966 876 1016 exaequat,
919 966 1060 1015 utpote
1097 961 1258 1001 beluam
1297 973 1412 1001 suam
1450 960 1500 1001 de
1520 973 1557 999 10

108 1021 209 1063 valle
241 1021 387 1063 Tarnis
419 1022 616 1063 ducaliter
647 1027 947 1076 antecessurus,
983 1021 1182 1063 musculis
1215 1021 1360 1062 similis
1392 1023 1502 1062 inter

111 1095 256 1123 saxosa
287 1082 351 1123 vel
381 1082 520 1123 brevia
550 1082 827 1124 ballaenarum
853 1082 1148 1136 corpulentiam
1173 1082 1501 1135 praegubernan-

109 1143 232 1184 tibus.
282 1142 322 1185 2.
356 1148 397 1184 at
427 1143 495 1184 ille
523 1145 581 1184 sic
607 1145 668 1184 ira
694 1143 815 1198 celer,
848 1143 955 1196 quod
980 1145 1098 1197 piger
1125 1143 1245 1197 mole,
1278 1156 1353 1183 ceu
1379 1142 1500 1183 draco

109 1216 131 1245 e
165 1216 290 1257 specu
321 1205 387 1244 vix
420 1203 605 1244 evolutus
643 1206 724 1244 iam
761 1209 874 1244 metu
912 1203 1164 1257 exanguibus
1197 1203 1444 1244 Gabalitanis
1478 1216 1499 1244 e

107 1266 293 1318 proximo
326 1264 518 1319 infertur3
557 1277 659 1318 quos
692 1264 874 1318 singulos
908 1277 1071 1318 sparsos
1103 1264 1359 1318 inoppidatos
1391 1277 1500 1304 nunc
1521 1276 1557 1304 15

110 1325 305 1366 inauditis
350 1325 619 1365 indictionum
663 1325 883 1378 generibus
926 1325 1131 1380 exhaurit,
1175 1338 1284 1365 nunc
1322 1325 1503 1365 flexuosa

113 1385 406 1426 calumniarum
437 1386 578 1426 fraude
612 1387 883 1440 circumretit,
921 1398 973 1426 ne
1011 1391 1099 1426 tum
1132 1386 1298 1439 quidem
1337 1385 1502 1426 domum

110 1446 336 1486 laboriosos
367 1445 503 1486 redire
536 1448 790 1500 permittens,
823 1459 916 1486 cum
948 1446 1148 1487 tributum
1180 1459 1359 1487 annuum
1391 1446 1501 1486 data-

110 1519 218 1547 vere.
276 1505 316 1546 3.
350 1507 510 1559 signum
544 1510 584 1546 et
615 1507 692 1547 hoc
725 1512 882 1547 certum
915 1512 978 1546 est
1008 1508 1259 1547 imminentis
1292 1507 1501 1560 adventus,

111 1567 219 1620 quod
251 1568 504 1621 catervatim,
546 1579 625 1620 quo
666 1579 708 1607 se
742 1579 915 1619 cumque
954 1569 1218 1621 converterit,
1256 1569 1383 1607 vincti
1419 1572 1500 1607 tra·
1520 1581 1557 1608 20

109 1628 263 1668 huntur
295 1627 454 1667 vincula
479 1626 706 1681 trahentes3
740 1639 913 1680 quorum
940 1626 1078 1667 dolore
1105 1627 1288 1681 laetatur,
1319 1629 1501 1680 pascitur

110 1689 235 1742 fame,
278 1689 495 1741 praecipue
537 1687 753 1741 pulchrum
791 1687 1011 1728 arbitratus
1050 1693 1142 1728 ante
1180 1693 1346 1740 turpare
1379 1701 1500 1741 quam

109 1750 257 1803 punire
291 1748 557 1802 damnaudos3
591 1750 746 1788 crinem
775 1749 874 1788 viris
899 1749 1042 1802 nutrit,
1073 1747 1313 1788 mulieribus
1339 1748 1499 1802 incidit3

111 1822 133 1850 e
173 1809 321 1863 quibus
359 1814 495 1849 tamen
534 1811 570 1849 si
607 1821 699 1849 rara
738 1808 935 1862 quosdam
975 1810 1092 1848 venia
1136 1810 1381 1862 respexerit,
1424 1808 1500 1848 hos

110 1869 305 1910 venalitas
339 1868 468 1923 solvit,
500 1871 654 1909 vanitas
686 1868 792 1923 illos,
822 1869 956 1909 nullos
981 1869 1274 1909 misericordia.
1327 1869 1398 1909 sed
1431 1881 1499 1909 ex·
1520 1883 1556 1909 25

110 1929 320 1983 plicandae
352 1929 507 1970 bestiae
545 1929 617 1970 tali
654 1942 730 1970 nec
769 1935 975 1970 oratorum
1013 1931 1205 1982 princeps
1236 1929 1396 1969 Marcus
1427 1930 1500 1969 Ar-

110 1992 229 2044 pinas
266 2003 342 2031 nec
380 1995 593 2044 poetarum
625 1990 792 2030 Publius
824 1990 1065 2030 Mantuanus
1097 1990 1284 2030 sufficere
1317 1994 1501 2043 possunt.

111 2050 153 2095 4.
185 2051 355 2105 proinde
390 2053 483 2103 quia
516 2050 667 2091 dicitur
694 2051 793 2091 haec
820 2052 907 2104 ipsa
932 2052 1136 2104 pernicies
1163 2051 1502 2104 appropinquare,

112 2113 229 2152 cuius
261 2111 561 2165 proditionibus
601 2111 701 2152 deus
735 2111 887 2166 obviet,
924 2113 1118 2165 praeveni
1149 2110 1336 2151 morbum
1366 2112 1501 2164 provi-

209 2244 232 2276 4
258 2238 478 2276 Pamnithio
509 2239 587 2283 OT,
616 2239 830 2285 pannithio
848 2239 899 2275 M
912 2242 924 2286 ss
948 2244 968 2276 7
995 2240 1214 2275 contractas
1241 2249 1377 2285 operas
1404 2250 1497 2276 corr.

112 2288 157 2323 in
181 2290 399 2324 contractus
421 2299 578 2334 operam
599 2288 676 2334 M¹‚
702 2290 922 2324 contractus
947 2299 1103 2334 operam
1123 2287 1213 2323 LN
1226 2289 1238 2333 ΙΙ
1260 2291 1304 2323 10
1331 2287 1501 2324 devallet
1568 2304 1570 2307 ·

115 2335 231 2372 armis
255 2339 366 2379 (corr.
393 2338 435 2373 in
461 2338 508 2372 de
533 2336 636 2372 valle
662 2337 796 2372 tarmis
824 2336 1004 2381 M²)MT
1020 2337 1031 2381 11
1052 2339 1096 2371 11
1124 2335 1246 2371 tarnis
1267 2336 1303 2372 L
1328 2341 1363 2373 et
1389 2339 1498 2381 (corr.

113 2385 158 2420 in
181 2384 314 2421 tarmis
339 2385 477 2430 N1)N‚
514 2385 649 2420 tarmis
678 2385 710 2421 0
736 2387 748 2432 ss
782 2389 826 2421 13
852 2384 952 2420 mole
978 2383 1088 2430 piger
1115 2384 1148 2422 G
1174 2387 1187 2431 ΙΙ
1217 2388 1264 2420 23
1291 2384 1407 2421 crinis
1436 2384 1468 2422 G
1488 2386 1502 2433 Η

115 2435 162 2468 25
187 2433 451 2470 misericordia
475 2433 602 2469 nullos
631 2432 691 2479 011
