1592 2612
146 141 233 185 154
615 138 763 175 LIBER·
789 137 1042 175 SEPTIMUS.

142 243 296 284 tillasve
342 240 698 285 controversalium
743 239 1011 280 clausularum
1056 238 1176 279 libuit
1220 240 1362 292 aptari.
1433 251 1528 280 nam

144 316 236 344 cum
277 315 340 343 me
384 303 560 355 partium
600 301 820 341 seditiones
859 300 991 341 studia
1029 300 1244 340 varietates
1282 301 1326 340 in
1363 299 1524 340 diversa

143 368 365 417 raptarent,
405 364 461 402 sic
500 362 678 401 dictandi
715 361 816 401 mihi
847 362 1057 401 materiam
1090 359 1332 412 suggerebat
1362 361 1526 415 iniuria,

143 424 250 476 quod
294 426 451 476 tempus
496 423 705 475 occupatio
746 421 1022 462 subtrahebat.
1093 422 1243 461 etenim
1286 425 1398 461 tanta
1438 426 1527 462 erat

105 496 123 523 5
142 484 259 524 turba
296 485 622 537 competitorum,
667 488 710 523 ut
752 482 965 522 cathedrae
1004 482 1126 522 unius
1165 478 1525 522 numerosissimos

142 544 372 585 candidatos
416 556 491 583 nec
536 543 614 583 duo
653 545 836 596 recipere
875 554 1037 582 scamna
1074 543 1315 595 potuissent.
1384 554 1527 582 omnes

141 604 350 657 placebant
394 604 489 657 sibi,
535 611 674 643 omnes
720 602 907 643 omnibus
951 602 1231 656 displicebant.
1306 601 1347 644 3.
1391 614 1526 655 neque

143 664 286 717 [enim]
332 664 597 704 valuissemus
642 663 791 716 aliquid
836 665 879 704 in
918 675 1131 704 commune
1170 662 1401 718 consulere,
1445 664 1527 704 nisi

141 725 281 765 iudicii
308 726 371 765 sui
396 725 547 764 faciens
573 724 688 777 plebs
708 724 830 764 lenita
850 726 1047 764 iacturam
1068 723 1307 764 sacerdotali
1326 735 1369 765 se
1389 725 1526 777 potius

87 803 121 828 ιο
140 786 288 825 111(11610
329 785 590 839 subdidisset,
628 785 958 838 presbyterorum
998 797 1093 825 sane
1132 785 1273 837 paucis
1306 782 1526 838 angulatim

140 845 495 899 fringultientibus,
527 858 649 898 porro
683 851 817 886 autem
849 845 978 898 palam
1011 858 1062 886 ne
1092 845 1402 886 mussitantibus
1436 846 1525 898 qui-

141 906 244 960 dem,
270 908 362 959 quia
388 906 571 958 plerique
599 919 680 946 non
706 907 841 946 minus
869 919 986 946 suum
1013 918 1134 959 quam
1159 905 1339 961 reliquos
1359 905 1525 946 ordines

139 966 488 1019 pertimescebant.
552 968 692 1021 igitur,
728 967 823 1007 dum
856 966 1017 1019 publice
1050 971 1156 1007 totos
1191 966 1340 1020 singuli
1372 971 1526 1021 cavent,

140 1027 287 1067 factum
314 1032 387 1081 est,
413 1032 458 1067 ut
485 1040 624 1067 omnes
650 1040 732 1067 non
758 1032 1023 1081 aspernanter
1049 1027 1249 1082 audirent,
1275 1026 1383 1080 quod
1410 1027 1525 1067 dein·

84 1087 121 1130 15
141 1100 235 1140 ceps
268 1087 491 1128 ambienter
522 1093 782 1141 exponerent.
833 1085 873 1128 4.
901 1090 1036 1141 itaque
1067 1089 1256 1141 paginam
1288 1100 1402 1128 sume
1429 1087 1525 1128 sub-

141 1148 235 1188 ditis
272 1147 542 1188 voluminibus
580 1149 825 1203 adiunctam,
865 1161 985 1201 quam
1024 1148 1179 1189 duabus
1215 1147 1364 1201 vigiliis
1402 1150 1525 1189 unius

140 1210 270 1248 noctis
302 1210 473 1249 aestivae
501 1208 660 1249 Christo
692 1214 795 1249 teste
829 1209 1019 1250 dictatam
1050 1208 1271 1262 plurimum
1302 1221 1446 1249 vereor
1471 1221 1522 1250 116

140 1270 219 1321 ipsi
251 1269 420 1322 amplius
453 1268 634 1323 lectioni,
673 1283 773 1323 quae
806 1270 882 1310 hoc
915 1270 964 1310 de
999 1282 1041 1310 se
1074 1269 1236 1324 probat,
1269 1282 1390 1322 quam
1422 1269 1525 1309 mihi

141 1329 291 1370 credas.
342 1342 497 1369 memor
528 1332 657 1370 nostri
689 1343 778 1370 esse
812 1331 996 1385 dignare,
1029 1330 1191 1370 domine
1222 1342 1341 1389 papa.

85 1477 120 1503 20
284 1500 287 1504 ,
731 1470 929 1508 CONTIO.

140 1542 178 1585 5.
211 1545 349 1586 Refert
379 1547 548 1588 historia
580 1542 815 1603 saecularis,
855 1548 1127 1603 dilectissimi,
1161 1547 1361 1601 quendam
1392 1547 1524 1601 philo-

140 1606 358 1658 sophorum
390 1608 606 1662 discipulis.
626 1610 933 1650 advenientibus
959 1611 1074 1662 prius
1099 1609 1262 1649 tacendi
1285 1610 1524 1662 patientiam

140 1678 257 1718 quam
300 1667 491 1720 loquendi
511 1713 514 1715 ,
535 1674 782 1710 monstrasse
828 1670 1053 1710 doctrinam
1099 1674 1139 1710 et
1183 1670 1242 1710 sic
1279 1670 1522 1722 incipientes

140 1739 320 1779 quosque
353 1730 459 1768 inter
492 1730 783 1783 disputantium
810 1736 1170 1771 consectaneorum
1196 1729 1408 1770 cathedras
1433 1742 1522 1770 mu-

85 1802 119 1828 25
139 1791 224 1826 tum
252 1790 493 1830 sustinuisse
521 1793 854 1845 quinquennium,
887 1796 931 1831 ut
958 1793 1079 1831 etiam
1107 1790 1303 1831 celeriora
1330 1796 1521 1843 quorum-

68 1872 77 1882 .
138 1848 245 1899 piam
270 1849 431 1900 ingenia
457 1863 538 1890 non
564 1851 706 1891 liceret
732 1857 822 1891 ante
847 1851 1002 1892 laudari
1022 1864 1142 1904 quam
1162 1851 1326 1891 deceret
1345 1852 1520 1903 agnosci.

139 1909 192 1946 ita
230 1908 366 1963 fiebat,
405 1915 449 1949 ut
488 1911 650 1951 eosdem
690 1917 780 1964 post
818 1912 978 1964 longam
1015 1913 1333 1952 taciturnitatem
1363 1911 1521 1951 locutos

139 1969 308 2021 quisque
335 1969 474 2010 audire
497 1977 695 2026 coeperat,
721 1985 802 2012 non
825 1977 999 2027 taceret3
1026 1974 1132 2027 quia,
1159 1972 1287 2012 donec
1308 1972 1521 2012 scientiam

139 2033 280 2068 natura
313 2029 558 2085 conbiberit,
598 2045 678 2071 non
711 2034 839 2072 maior
872 2038 934 2073 est
966 2033 1093 2086 gloria
1126 2033 1276 2073 dixisse
1310 2032 1417 2085 quod
1449 2044 1520 2072 no-

84 2101 120 2128 30
139 2090 244 2128 veris
268 2102 385 2141 quam
413 2090 573 2132 siluisse
601 2092 708 2145 quod
728 2095 895 2133 nescias.
948 2092 986 2134 6.
1014 2098 1054 2134 at
1072 2106 1180 2134 nunc
1200 2093 1522 2140 mediocritatem

139 2160 268 2188 meam
308 2155 443 2191 manet
480 2151 596 2204 longe
635 2152 793 2193 diversa
831 2154 1032 2209 condicio,
1071 2156 1137 2195 cui
1171 2166 1245 2207 per
1277 2154 1521 2207 suspiriosas

237 2279 257 2311 8
285 2277 385 2313 enim
411 2290 479 2315 om.
507 2280 551 2325 V,
575 2291 603 2316 s.
631 2281 654 2316 l.
681 2281 768 2317 add.
790 2282 865 2327 M¹‚
897 2283 1044 2319 seclusit
1069 2283 1311 2329 Imetjohann
1340 2284 1353 2328 ΙΙ
1386 2285 1430 2317 15
1458 2292 1520 2317 ex-

138 2326 325 2368 ponerent
350 2326 395 2361 N
399 2327 483 2371 OT,
517 2329 740 2374 expeterent
765 2330 915 2375 LVM,
946 2343 1023 2367 var.
1053 2332 1150 2377 leet„
1183 2343 1294 2378 quam
1324 2341 1351 2367 8.
1380 2331 1404 2367 l.
1431 2330 1520 2367 add.

139 2371 214 2417 M1,
239 2384 331 2409 eras.
353 2375 416 2409 Μ2
434 2378 447 2421 {l
467 2379 513 2411 24
539 2376 805 2422 disputantum
827 2379 861 2413 T
877 2381 888 2425 ΙΙ
908 2382 954 2414 27
975 2391 1039 2416 eos
1062 2381 1093 2416 O
1109 2381 1122 2426 ΙΙ
1141 2383 1187 2416 28
1207 2378 1370 2426 taceret]
1391 2379 1521 2415 tacere

138 2419 310 2465 placeret
335 2422 538 2460 Mommsen
557 2426 568 2470 ss
