1592 2612
194 137 285 180 352
705 139 911 176 CARMEN
936 138 1070 176 XXIV.

417 253 517 294 quae
549 245 709 280 nostros
742 240 845 281 bene
878 240 989 280 ducit
1020 240 1069 281 ad
1098 240 1272 297 sodales,

416 313 588 354 quorum
619 302 783 341 nomina
816 300 980 341 sedulus
1012 303 1165 356 notavi3

367 371 388 401 ὁ
416 363 605 414 antiquus
637 361 712 401 tibi
744 374 820 401 nec
850 366 1007 402 teratur
1039 375 1172 416 agger,

414 423 528 462 cuius
560 434 634 474 per
666 423 840 474 spatium
873 423 970 462 satis
1002 424 1172 464 vetustis

412 495 559 522 nomen
591 481 833 523 Caesareum
865 483 968 523 viret
1000 483 1216 538 columnis3

413 543 481 583 sed
517 544 668 583 sensim
701 543 888 596 gradere:
922 548 962 583 et
992 555 1127 584 moras
1159 544 1345 586 habendo

414 604 601 644 affectum
633 603 806 643 celerem
839 616 976 644 moves
1010 606 1162 645 amicis.

342 671 384 704 10
472 664 527 704 Ac
558 665 734 717 primum
766 663 915 704 Domiti
946 664 1072 705 larem
1105 667 1237 707 severi

411 724 580 764 intrabis
612 724 908 777 trepidantibus
941 725 1146 766 Camenis:

411 790 492 825 tam
525 787 735 825 censorius
767 786 873 826 haud
906 786 982 826 fuit
1013 786 1076 827 vel
1108 786 1189 841 ille,

412 858 532 898 quem
564 847 704 886 risisse
738 846 864 886 semel
896 846 1033 887 ferunt
1064 849 1108 887 in
1139 860 1254 903 aevo3

413 906 483 945 sed
516 906 690 959 gaudere
723 911 837 959 potes
870 908 1005 960 rigore
1039 908 1175 948 docto:

342 974 386 1005 15
412 966 478 1006 hic
511 968 546 1007 si
577 972 617 1006 te
649 967 804 1022 probat,
837 968 1024 1009 omnihus
1055 968 1245 1021 placebis.

409 1027 503 1066 hinc
534 1031 573 1067 te
608 1029 802 1080 suscipiet
833 1027 1008 1082 benigna
1039 1028 1192 1084 Brivas,

410 1089 539 1127 sancti
572 1100 673 1140 quae
706 1089 813 1128 fovet
845 1102 936 1129 ossa
968 1089 1125 1144 Iuliani,

409 1160 509 1200 quae
543 1148 639 1188 dum
670 1154 827 1189 mortua
859 1151 1032 1190 mortuis
1063 1155 1269 1205 putantur,

408 1210 545 1248 vivens
579 1221 599 1248 e
632 1209 787 1250 tumulo
820 1211 942 1250 micat
974 1215 1163 1264 potestas.

337 1276 382 1308 20
408 1268 503 1308 hinc
536 1270 615 1308 iam
647 1269 876 1311 dexteriora
908 1273 1041 1324 carpis
1074 1284 1166 1311 arva

409 1341 676 1382 emensusque
709 1332 848 1383 iugum
881 1331 946 1372 die
980 1331 1054 1372 sub
1087 1344 1168 1372 uno

408 1389 552 1429 flavum
584 1392 785 1432 crastInus
818 1393 966 1444 aspicis
998 1392 1228 1447 Triobrem3

407 1454 492 1489 tum
524 1455 674 1490 terram
707 1451 899 1493 Gabalum
932 1454 1029 1494 satis
1061 1455 1244 1493 nivosam

408 1515 460 1563 et,
494 1516 685 1563 quantum
719 1513 931 1566 indigenae
963 1513 1103 1555 volunt
1134 1516 1281 1569 putari,

336 1576 381 1608 25
410 1570 623 1611 sublimem
655 1573 696 1612 in
728 1579 850 1625 puteo
883 1574 1041 1614 videbis
1073 1574 1228 1615 urbem.

408 1630 502 1670 hinc
534 1636 573 1671 te
607 1635 800 1685 temporis
834 1634 883 1674 ad
915 1636 996 1675 mei
1027 1633 1208 1675 Laconas

407 1690 606 1731 Iustinum
638 1695 770 1745 rapies
804 1706 1003 1748 suumque
1036 1695 1215 1749 fratrem,

408 1763 578 1802 quorum
611 1759 730 1793 notus
763 1767 876 1795 amor
907 1768 981 1808 per
1014 1755 1124 1796 orbis
1157 1768 1226 1797 ora

408 1810 533 1851 calcat
564 1812 869 1867 Pirithoumque
903 1817 1186 1869 Theseumque

335 1879 381 1910 30
409 1876 448 1910 et
480 1872 603 1912 fidum
635 1874 765 1915 rabidi
799 1876 974 1917 sodalem
1009 1875 1187 1917 Orestae.

407 1931 550 1971 horum
583 1946 674 1973 cum
707 1935 832 1975 fueris
867 1938 958 1977 sinu
990 1942 1191 1991 recethS,

405 1991 482 2030 ibis
514 1992 711 2034 Trevidon
745 2001 784 2035 et
816 1997 1076 2037 calumniosis

405 2053 581 2091 vicinum
613 2056 746 2109 nimis,
778 2057 870 2111 heu,
902 2059 1041 2110 iugum
1072 2057 1253 2098 Rutenis.

405 2111 470 2151 hic
503 2112 610 2152 docti
641 2116 822 2156 invenies
856 2124 1010 2170 patrem
1043 2118 1227 2173 Tonanti,

333 2179 378 2210 35
406 2177 604 2212 rectorem
638 2175 904 2229 columenque
939 2178 1170 2233 Galliarum,

405 2233 530 2283 prisci
560 2233 795 2276 Ferreolum
826 2251 965 2290 parem
998 2239 1150 2293 Syagri,

283 2373 305 2405 ὅ
332 2371 478 2406 teretur
497 2372 535 2407 P
550 2374 561 2417 Η
581 2376 601 2408 8
628 2376 672 2410 ut
696 2377 805 2423 vulqo
825 2377 836 2422 ΙΙ
857 2382 877 2413 9
903 2389 1020 2415 noves
1044 2381 1165 2428 vulyo,
1190 2391 1347 2417 movens
1366 2380 1570 2418 Buecheler

184 2417 197 2466 Η
223 2421 269 2454 22
297 2419 468 2455 triobren
496 2420 607 2457 OPT
623 2424 634 2469 Η
