1592 2612
580 114 788 152 CARMEN
811 114 895 152 VII.
1344 112 1431 155 291

170 231 273 273 quae
305 219 427 273 suasi,
457 218 539 258 nisi
569 217 684 258 facta.
746 221 884 257 tamen
915 216 1075 256 fortuna
1105 217 1286 269 priorem

169 279 348 334 abripuit
377 280 560 333 genium3
590 279 727 332 periit,
759 277 1043 330 quodcumque
1075 275 1275 330 merebar,

71 349 144 383 475
159 353 264 382 ‘cum
294 340 476 394 genitore
507 344 589 379 tuo.
652 338 883 378 Narbonem
914 337 1006 378 tabe
1039 336 1215 377 solutum

175 400 373 442 ambierat
404 395 471 455 (tu
500 411 649 453 parvus
681 393 807 455 eras),
838 398 1083 451 trepidantia
1115 399 1283 450 cingens

172 461 284 503 milia
315 463 360 502 in
389 460 562 500 infames
593 461 674 500 iam
704 461 864 512 iamque
898 463 1086 511 coegerat
1116 470 1248 512 escas3

170 524 252 563 iam
281 522 413 562 tristis
443 522 631 574 propriae
663 519 854 561 credebat
885 519 1023 559 defore
1055 518 1242 573 praedae,

170 585 207 624 si
237 582 399 623 clausus
431 582 604 622 sortasse
634 582 754 634 perit,
785 593 878 621 cum
910 585 1049 620 nostra
1081 578 1267 632 probavit

72 652 144 686 480
169 642 339 685 consilia
370 647 412 683 et
442 642 582 695 refugo
615 641 763 681 laxavit
792 642 952 681 moenia
983 639 1103 680 bello.

169 709 292 757 teque
323 705 459 756 ipsum
492 698 607 758 (sunt
638 714 734 742 ecce
767 696 906 756 senes)
938 701 1015 741 hoc
1047 706 1211 754 pectore
1243 699 1390 741 fultum

170 765 246 805 bae
278 764 443 804 flentem
474 768 642 803 tenuere
675 775 830 816 manus,
866 763 902 802 si
933 761 1103 801 forsitan
1134 760 1253 801 altrix

169 830 212 866 te
242 824 356 878 mihi,
388 836 481 864 cum
512 823 653 877 nolles,
684 822 914 863 lactandum
946 821 1117 862 tolleret.
1180 833 1274 862 ecce

170 885 339 926 advenio
371 889 413 925 et
442 885 570 937 prisci
600 888 740 937 repeto
772 883 892 924 modo
924 884 1071 936 pignus
1103 883 1264 922 amoris.

72 954 144 987 485
172 947 208 986 si
238 945 315 986 tibi
345 944 455 986 nulla
487 944 599 999 fides,
630 943 741 984 nulla
774 948 836 984 est
867 944 1094 984 reverentia
1126 943 1266 996 patris,

170 1008 187 1047 i
217 1006 345 1047 durus
376 1017 598 1059 pacemque
630 1001 760 1057 nega?
822 1005 1053 1057 prorumpit
1084 1003 1133 1043 ab
1166 1004 1278 1042 omni

168 1078 355 1108 murmur
387 1065 559 1107 concilio
591 1066 872 1119 fremitusque,
904 1070 944 1105 et
974 1063 1128 1117 proelia
1160 1063 1356 1104 damnans

170 1127 362 1168 seditiosa
394 1128 474 1167 ciet
506 1126 748 1167 concordem
779 1125 898 1166 turba
930 1124 1160 1166 tumultum.

168 1193 256 1229 tum
287 1200 359 1228 rex
392 1187 556 1228 effatur:
584 1184 764 1240 ‘dudum‚
796 1186 877 1227 dux
909 1185 1061 1239 inclite,
1092 1184 1211 1238 culpo

69 1257 141 1289 490
167 1260 337 1302 poscere
367 1253 408 1288 te
439 1260 581 1301 pacem
612 1252 805 1300 nostram,
837 1259 929 1287 cnm
962 1258 1106 1299 cogere
1138 1246 1272 1298 possis

165 1310 387 1362 servitium,
418 1308 578 1348 trahere
611 1320 657 1348 ac
687 1307 859 1360 populos
891 1309 934 1347 in
965 1306 1070 1347 bella
1102 1318 1309 1359 sequaces.

164 1382 229 1423 ne,
261 1381 423 1423 quaeso,
454 1368 647 1408 invidiam
678 1369 808 1421 patrio
840 1368 942 1408 mihi
973 1368 1136 1408 nomine
1169 1368 1328 1406 inuras:

166 1429 263 1483 quid
295 1441 468 1483 mereor,
499 1430 535 1468 si
566 1428 675 1468 nulla
706 1425 853 1468 iubes?
885 1427 1055 1468 suadere
1089 1426 1163 1467 sub
1196 1426 1264 1466 illo

166 1489 272 1543 quod
304 1494 478 1543 poteras,
509 1488 629 1528 modo
660 1488 761 1529 velle
794 1493 856 1528 sat
887 1493 963 1541 est,
996 1487 1207 1539 solumque
1233 1491 1428 1541 moratur,

66 1558 138 1591 495
165 1550 272 1603 quod
305 1551 457 1603 cupias,
488 1550 668 1589 nescisse
701 1548 833 1589 Getas.
895 1548 996 1588 mihi
1026 1547 1195 1587 Romula
1227 1547 1381 1587 dudum

163 1623 239 1664 per
268 1615 308 1650 te
339 1611 429 1650 iura
459 1609 631 1663 placent,
662 1621 910 1662 parvumque
942 1608 1123 1649 ediscere
1157 1608 1278 1647 iussit

165 1670 214 1712 ad
246 1675 315 1711 tua
349 1669 468 1710 verba
498 1674 625 1723 pater,
656 1669 778 1709 docili
810 1681 889 1722 quo
921 1670 1056 1722 prisca
1086 1667 1264 1708 Maronis

165 1733 342 1772 carmine
375 1730 551 1770 molliret
583 1729 793 1783 Scythicos
824 1729 925 1769 mihi
956 1730 1100 1782 pagina
1133 1740 1286 1780 mores3

164 1793 245 1832 iam
275 1803 417 1845 pacem
448 1796 534 1831 tum
566 1790 666 1830 velle
698 1790 831 1830 doces.
895 1790 966 1830 sed
997 1790 1175 1842 percipe,
1208 1800 1309 1841 quae
1342 1789 1397 1828 sit

68 1860 139 1894 500
165 1852 349 1893 condicio
382 1851 584 1904 obsequii:
617 1851 754 1891 forsan
785 1855 870 1891 rata
903 1855 1018 1903 pacta
1049 1848 1251 1902 probabis.

167 1917 308 1967 testor,
339 1911 477 1965 Roma,
509 1916 623 1952 tuum
654 1910 772 1951 nobis
804 1909 1033 1951 venerabile
1065 1921 1214 1950 nomen

165 1978 207 2013 et
238 1973 393 2013 socium
426 1972 475 2012 de
507 1971 631 2012 Marte
663 1984 791 2024 genus
823 1967 907 2027 (vel
939 1969 1133 2024 quicquid
1166 1969 1214 2009 ab
1247 1981 1356 2023 aevo,

166 2033 224 2073 nil
255 2038 295 2073 te
327 2032 502 2073 mundus
534 2031 654 2072 habet
683 2031 841 2086 melius,
872 2031 929 2071 nil
962 2033 1048 2084 ipsa
1080 2025 1257 2085 senatu),

172 2106 237 2134 me
269 2105 411 2147 pacem
444 2105 603 2132 servare
634 2091 711 2132 tibi
741 2092 802 2132 vel
834 2091 934 2132 velle
967 2091 1141 2144 abolere,

70 2162 140 2195 505
167 2166 268 2207 quae
300 2158 439 2193 noster
469 2154 650 2206 peccavit
680 2165 789 2206 avus,
822 2165 943 2205 quem
975 2152 1105 2192 fuscat
1135 2150 1177 2190 id
1210 2163 1348 2204 unum,

167 2214 273 2268 quod
309 2219 359 2267 te,
391 2213 527 2267 Roma,
559 2214 681 2267 capit3
714 2213 785 2253 sed
818 2213 859 2253 di
891 2214 926 2253 si
958 2217 1047 2252 vota
1080 2210 1316 2264 secundant,

143 2358 217 2391 474
243 2354 406 2401 arripuit
439 2354 512 2390 CT
545 2355 559 2399 ss
595 2356 663 2390 481
690 2352 830 2389 fultum
865 2351 1003 2398 GTF]
1036 2351 1161 2387 fatum
1186 2351 1269 2397 Μ’,
1307 2349 1431 2387 fotum

48 2401 122 2438 Mb
139 2404 153 2449 ΙΙ
171 2406 241 2440 487
268 2402 428 2439 consilio
457 2402 491 2438 T
512 2404 525 2449 fl
551 2406 618 2438 501
646 2413 787 2437 numen
812 2402 889 2438 cod.
917 2400 1124 2437 Helmstad.
1148 2401 1161 2445 fl

1139 2460 1211 2496 19*
