1592 2612
631 78 839 117 GARMEN
862 79 945 117 XV.
1393 79 1482 123 319

218 181 327 236 quod
359 183 523 236 sapiunt
552 194 729 235 veroque
761 181 896 222 valent
927 181 1160 222 discernere
1192 181 1359 236 falsum3

218 244 360 296 quinta
390 247 597 283 creaturas
631 255 799 296 superas
832 242 1056 283 substantia
1088 242 1251 297 prodat,

216 316 317 356 quas
349 303 512 357 quidam
545 303 683 344 dixere
717 303 834 357 deos,
866 304 961 356 quia
994 315 1165 356 corpora
1197 308 1358 343 sumant

215 363 523 418 contemplanda
552 363 727 419 homini,
758 363 877 417 paulo
909 368 1002 417 post
1032 365 1120 417 ipsa
1151 362 1383 417 relinquant

123 431 192 466 115
217 426 342 478 inque
374 437 490 465 suam
520 424 709 478 redeant,
742 426 778 465 si
810 437 888 477 qua
914 429 976 465 est
1000 425 1258 478 tenuissima,
1290 424 1479 479 formam3

215 486 275 526 sic
306 485 414 539 fieri,
445 490 491 526 ut
521 490 655 538 pateat
688 484 912 525 substantia
945 497 1101 525 summa
1132 489 1309 539 creator,

214 550 328 586 sexta
358 551 494 586 tamen
527 558 731 599 supraque
763 545 885 600 nihil,
916 545 986 585 sed
1020 550 1165 586 cuncta
1197 544 1272 585 sub
1303 547 1404 599 ipso.

213 605 291 655 hoc
323 608 367 647 in
397 608 604 660 gymnasio
636 606 790 646 Polemi
822 607 1020 659 sapientia
1050 607 1174 646 vitam

213 666 361 708 excolit
392 667 701 720 adiunctamque
735 679 808 707 suo
840 667 947 706 fovet
978 668 1067 719 ipsa
1098 665 1275 720 Platoni3

118 735 187 768 120
207 726 342 768 obviet
373 733 415 769 et
446 740 688 781 quamquam
719 729 815 767 totis
847 727 1062 767 Academia
1094 728 1216 767 sectis

213 793 333 841 atque
365 793 487 841 neget
517 800 677 842 verum,
708 789 816 828 veris
848 788 956 828 hunc
987 786 1175 827 laudibus
1209 792 1334 827 ornat.

212 848 347 889 Stoica
377 854 470 902 post
501 850 621 903 istos,
653 848 723 888 sed
756 847 1095 888 concordantibus
1127 849 1245 901 ipsis,

211 908 462 963 Chrysippus
494 909 712 962 Zenonque
745 909 893 949 docent
922 913 1138 962 praecepta
1170 913 1323 949 tenere.

211 969 366 1010 exclusi
397 982 523 1023 prope
556 972 636 1010 iam
668 969 826 1023 Cynici,
859 969 931 1009 sed
962 968 1101 1009 limine
1134 973 1310 1023 restant3

115 1037 184 1070 125
211 1036 274 1070 ast
304 1030 528 1084 Epicureos
561 1030 743 1071 eliminat
774 1029 955 1083 undique
987 1031 1128 1070 virtus.

268 1091 319 1131 At
349 1096 465 1144 parte
497 1103 547 1131 ex
579 1090 656 1131 alia
688 1092 866 1131 textrino
898 1091 1030 1144 prima
1061 1090 1264 1130 Minervae

209 1150 314 1204 palla
344 1151 450 1192 Iovis
482 1151 639 1205 rutilat,
678 1153 794 1192 cuius
825 1151 889 1191 his
922 1156 1061 1191 coctus
1094 1163 1194 1190 aeno

211 1214 341 1252 serica
373 1211 566 1252 Sidonius
598 1211 759 1252 fucabat
790 1213 961 1252 stamina
993 1223 1146 1251 murex.

212 1271 324 1312 ebria
355 1285 430 1313 nec
463 1272 594 1313 solum
626 1274 754 1325 spirat
785 1271 993 1325 conchylia
1026 1271 1188 1325 sandix3

115 1340 185 1374 130
217 1333 416 1373 insertum
448 1345 541 1373 nam
573 1332 708 1385 fulgur
739 1332 880 1386 habet,
912 1332 1061 1385 filoque
1094 1333 1243 1384 rigenti

210 1392 378 1433 ardebat
409 1393 618 1446 gravidum
650 1393 700 1433 de
733 1393 928 1446 fragmine
962 1392 1142 1432 fulminis
1175 1398 1341 1433 ostrum.

210 1453 277 1493 1110
309 1453 451 1493 viridis
483 1455 648 1507 proprio
682 1453 855 1494 Glaucus
887 1452 1089 1506 pendebat
1120 1454 1289 1507 amictu3

210 1513 416 1554 undabant
440 1514 508 1554 hic
534 1518 618 1554 arte
651 1515 783 1568 sinus,
816 1514 989 1566 fictoque
1022 1518 1181 1553 tumore

210 1574 413 1614 mersabat
444 1574 596 1627 pandas
628 1578 849 1627 tempestas
880 1578 989 1614 texta
1022 1574 1190 1614 carinas.

116 1642 184 1675 135
210 1634 558 1688 Amphitryoniadi
591 1634 782 1687 surgebat
812 1636 931 1675 tertia
963 1635 1108 1674 vestis:

209 1694 400 1748 parvulus
433 1695 499 1735 hic
532 1696 693 1748 gemino
726 1697 883 1736 cinctus
915 1699 1103 1747 serpente
1135 1706 1331 1734 novercae

207 1757 361 1795 inscius
394 1755 546 1796 arridet
576 1757 771 1796 monstris
803 1755 1023 1808 ludumque
1055 1755 1233 1808 putando

207 1815 395 1869 insidias,
427 1817 523 1856 dum
554 1817 703 1870 nescit,
735 1821 841 1856 amat
872 1815 1063 1868 vultuque
1097 1814 1270 1855 dolentis

209 1878 390 1929 extingui
422 1876 560 1930 desset,
593 1889 694 1929 quos
726 1878 813 1930 ipse
846 1876 1056 1929 interficit,
1088 1888 1251 1928 angues.

114 1944 183 1977 140
208 1941 418 1990 praeterea
451 1939 603 1990 sparsis
636 1942 730 1977 sunt
760 1937 859 1977 haec
892 1936 1073 1977 subiecta
1105 1937 1263 1988 figuris:

208 2009 290 2051 sus,
322 1996 397 2051 leo,
430 2010 558 2051 cerva,
585 1996 746 2051 Gigans,
771 2003 924 2051 taurus,
950 1998 1059 2050 iuga,
1086 1996 1301 2050 Cerberus,
1332 1995 1469 2050 hydra,

206 2057 367 2111 hospes,
387 2057 553 2112 Nessus,
578 2057 698 2112 Eryx,
722 2058 920 2111 volucres,
946 2057 1090 2110 Thrax,
1117 2056 1257 2110 Cacus,
1283 2057 1469 2110 Amazon,

207 2117 325 2171 Cres,
358 2118 521 2172 fluvius,
553 2117 666 2172 Libs,
698 2131 834 2172 poma,
866 2118 1008 2171 Lycus,
1040 2119 1164 2170 virgo,
1196 2117 1325 2170 poluS,
1358 2116 1468 2157 Oete.

182 2274 251 2307 119
279 2270 580 2316 adiunctumque
596 2271 682 2307 PF
697 2273 710 2317 11
731 2275 798 2306 132
820 2270 976 2317 proprio
998 2270 1092 2317 Leo]
1119 2269 1245 2317 patrio
1261 2270 1304 2316 T,
1329 2271 1468 2316 patruo

0 2349 4 2352 .
85 2318 118 2355 0
126 2318 171 2364 P,
192 2319 331 2365 glauco
345 2321 483 2366 patruo
501 2319 542 2355 F
559 2319 728 2365 (prasino
744 2320 927 2367 Puryold)
946 2322 958 2365 Ι]
979 2323 1046 2354 141
1062 2318 1173 2365 gigas
1190 2318 1221 2355 G
1236 2320 1248 2364 fl
1271 2321 1338 2354 143
1360 2319 1466 2366 Cres]

0 2400 5 2423 ἰ
83 2377 177 2413 grex
202 2367 442 2413 Iacetjoharm
463 2372 469 2414 1
490 2366 545 2403 lix
570 2368 635 2415 Pu
