1592 2612
29 53 353 137 monus
376 81 763 121 nomorrffffl
787 81 1043 120 AMBROSIO
1068 81 1311 120 SALUTEM·
1360 53 1466 125 209ν

74 197 169 226 rare
197 196 302 238 quae
331 185 511 238 gerimus
534 185 745 236 nostrique
777 183 947 224 dominii
969 187 1200 236 temperans
1225 182 1317 224 lites
1342 196 1453 223 arma

69 256 339 300 *compescens
369 243 461 285 illos
490 249 729 288 muneretur
758 245 1007 297 innocentia,
1043 255 1118 284 nos
1156 245 1310 297 quiete,
1348 248 1453 284 totos

73 307 309 348 securitate.
363 316 520 345 memor
550 306 682 345 nostri
713 316 804 344 esse
835 304 1022 358 dignare,
1054 304 1216 344 domine
1247 316 1361 357 papa.

724 457 802 506 VI.

173 539 404 578 SIDONIUS
428 539 627 577 DOMINO
651 539 813 576 PAPAE
839 539 1094 576 AMBROSIO
1119 539 1361 577 SALUTEM.

171 618 209 659 1.
239 617 375 670 Viguit
406 630 480 671 pro
512 617 775 658 dilectissimo
806 622 946 657 nostro
978 614 1095 672 (quid
1121 616 1263 670 loquar
1292 629 1452 671 nomen,
1488 630 1508 658 5

75 675 321 732 personam?
382 683 428 718 tu
477 690 745 730 recognosces
789 673 952 733 cuncta)
991 677 1097 730 apud
1141 677 1348 718 Christum
1383 682 1452 718 tua

75 740 269 780 sanctitas
300 739 607 779 intercessionis
639 738 802 792 effectu3
828 737 878 778 de
909 739 1026 778 cuius
1057 737 1246 778 facilitate
1277 737 1453 778 iuvenali
1513 738 1522 748 ‘

76 811 199 852 saepe
244 811 353 839 nunc
390 798 555 839 arbitris
598 797 729 851 palam
772 798 936 838 adscitis
981 797 1300 852 conquerebare,
1343 810 1452 838 nunc

74 861 223 900 tacitus
260 858 566 912 ingemiscebas.
628 859 753 911 igitur
783 858 850 898 hic
881 859 1063 911 proxime
1102 857 1272 911 abrupto
1311 863 1451 898 contu-

73 919 218 960 bernio
249 918 416 960 ancillae
447 918 850 972 propudiosissimae,
887 919 953 958 cui
995 930 1038 958 se
1075 922 1203 958 totum
1236 924 1451 959 consuetu·
1471 932 1508 958 ιο

74 979 178 1020 dine‘
207 978 381 1020 obscena
411 980 569 1019 vinctus
600 978 820 1032 addixerat,
850 979 1092 1031 patrimonio
1117 980 1292 1031 posteris
1322 978 1450 1019 famae

60 1036 209 1080 'subita
240 1041 305 1080 sui
335 1040 586 1079 correctione
618 1038 832 1079 consuluit.
883 1036 922 1078 2.
954 1051 1127 1091 namque
1152 1051 1227 1091 per
1251 1040 1314 1079 rei
1337 1039 1451 1079 fami-

75 1099 188 1140 liaris
232 1099 376 1140 damna
419 1103 609 1140 vacuatus
654 1104 699 1139 ut
740 1100 918 1152 primum
961 1098 1195 1151 intellegere
1240 1100 1374 1152 coepit
1411 1105 1452 1139 et

75 1164 314 1214 retractare,
370 1164 564 1213 quantum
619 1159 669 1199 de
728 1158 964 1199 bonusculis
1019 1160 1135 1199 avitis
1190 1161 1450 1212 paternisque
1533 1199 1541 1207 ,

0 1225 7 1231 ”
74 1222 365 1273 sumptuositas
409 1220 654 1260 domesticae
698 1219 920 1272 Charybdis
964 1219 1263 1273 abligurrisset,
1313 1232 1450 1272 quam-
1472 1233 1507 1260 15

74 1292 197 1334 quam
228 1292 320 1321 sero
351 1281 611 1334 resipiscens,
642 1285 818 1320 attamen
849 1279 1013 1320 tandem
1043 1279 1168 1320 veluti
1198 1279 1335 1320 frenos
1366 1293 1451 1320 mo-
1522 1287 1526 1289 ’

74 1340 226 1381 mordit
255 1341 513 1393 excussitque
540 1341 718 1380 cervices
745 1345 863 1392 atque
890 1339 1063 1394 Ulixeas,
1094 1345 1139 1379 ut
1163 1339 1311 1395 ferunt,
1337 1352 1451 1380 ceras

68 1399 243 1441 >auribus
286 1401 413 1453 figens
458 1400 561 1453 fugit
617 1400 830 1440 adversum
881 1401 975 1440 vitia
1031 1400 1179 1440 surdus
1227 1402 1452 1441 meretricii

74 1460 347 1503 blandimenta
376 1460 577 1513 naufragii
606 1459 879 1513 puellamque,
921 1466 1043 1512 prout
1073 1459 1227 1514 decuit,
1259 1462 1452 1501 intactam

74 1522 137 1561 vir
179 1520 401 1561 laudandus
445 1522 488 1560 in
529 1522 830 1560 matrimonium
871 1519 1112 1574 adsumpsit,
1155 1525 1237 1560 tam
1268 1520 1450 1561 moribus
1470 1535 1506 1560 20
1574 1529 1579 1534 ⁴

74 1580 353 1634 natalibusque
374 1586 612 1620 summatem
633 1593 751 1633 quam
777 1580 975 1620 facultatis
995 1579 1239 1633 principalis.
1284 1579 1325 1621 3.
1351 1581 1450 1621 baec

76 1641 239 1695 quidem
271 1640 410 1694 gloria,
442 1642 477 1680 si
508 1640 732 1693 voluptates
766 1641 824 1680 sic
857 1639 1108 1693 reliquisset,
1147 1645 1192 1679 ut
1222 1652 1298 1680 nec
1330 1642 1447 1681 uxori
1520 1650 1544 1662 ··

74 1702 383 1755 coniugaretur3
419 1700 507 1754 sed,
533 1702 609 1741 etsi
635 1700 737 1741 forte
764 1702 977 1754 contingat.
999 1700 1048 1740 ad
1079 1699 1207 1740 bonos
1232 1713 1366 1740 mores
1399 1700 1448 1740 ab

73 1774 213 1802 errore
251 1763 443 1814 migrare,
486 1773 706 1814 paucorum
743 1766 805 1801 est
842 1762 1020 1813 incipere
1060 1760 1108 1800 de
1147 1762 1364 1814 maxumis,
1409 1766 1449 1801 et

74 1834 163 1875 eos,
207 1823 278 1875 qui
321 1821 390 1862 diu
433 1826 563 1861 totum
606 1820 849 1861 indulserint
887 1820 982 1874 sibi,
1021 1822 1205 1872 protinus
1245 1825 1374 1860 totum
1409 1826 1449 1861 et
1467 1833 1504 1860 25

74 1883 226 1936 pariter
250 1882 441 1922 incidere.
485 1880 525 1922 4.
553 1883 740 1934 quocirca
759 1886 939 1921 vestrum
964 1886 1027 1921 est
1051 1880 1247 1934 copulatis
1268 1880 1450 1922 obtinere

76 1954 196 1995 quam
227 1943 403 1995 primum
440 1954 560 1994 prece
597 1941 734 1982 sedula
773 1954 886 1994 spem
923 1940 1162 1994 liberorum3
1196 1953 1448 1994 consequens

76 2004 167 2057 erit,
198 2007 242 2042 ut
272 2002 355 2042 filio
387 2014 467 2042 uno
500 2001 673 2042 alterove
707 2003 906 2055 susceptis
940 1997 1000 2056 (et
1036 2003 1158 2041 nimis
1190 1997 1292 2055 dixi)
1327 2000 1449 2041 absti-

176 2121 195 2153 1
222 2117 382 2154 dominii
415 2117 535 2154 GPF
569 2122 604 2154 et
641 2120 750 2163 (corr.
760 2117 768 2126 '
788 2129 834 2154 ex
872 2116 1016 2153 domini
1048 2117 1099 2152 M
1103 2116 1195 2161 )M
1234 2115 1380 2152 domini
1406 2117 1449 2163 T,

77 2165 182 2202 domi
211 2177 299 2213 sequ
336 2167 453 2202 litura
479 2169 503 2202 7
537 2166 608 2202 litt.
635 2167 689 2212 L;
725 2167 1017 2210 nostrorumque
1056 2165 1294 2200 dominorum
1326 2165 1403 2202 Leo
1441 2178 1442 2181 ¹

78 2218 101 2250 5
79 2213 169 2298 Mpi
224 2178 299 2249 'qut
278 2216 318 2260 (p
344 2214 431 2250 add.
454 2214 572 2260 T²‚)T
597 2213 724 2260 egitur
749 2215 785 2250 L
812 2215 825 2260 Ι
855 2219 874 2251 7
900 2212 1060 2249 iuvenili
1088 2213 1157 2249 GT
1184 2214 1197 2259 ΙΙ
1232 2217 1273 2248 11
1299 2212 1452 2249 iunctus

223 2265 299 2308 {121
326 2262 421 2298 haec
447 2262 495 2308 L,
522 2264 625 2298 esset.
619 2225 772 2299 ειΙΠΟΤ
788 2265 800 2309 [Ι
819 2266 866 2298 24
892 2260 1057 2307 megrari
1076 2261 1112 2296 L
1134 2265 1140 2306 Ι
1162 2273 1213 2297 an
1238 2262 1277 2297 et
1302 2261 1452 2299 difficil-

78 2309 213 2346 limum
223 2265 329 2346 neos?
354 2311 595 2356 Luetjoharm
617 2313 631 2357 Ι
654 2314 702 2347 26
727 2312 786 2346 est
810 2322 879 2347 om.
900 2310 934 2345 L
965 2311 978 2354 11
1008 2313 1054 2345 27
1081 2320 1315 2361 consequens
1340 2310 1386 2355 L,
1413 2310 1453 2346 et

78 2360 168 2403 post
192 2369 427 2404 consequens
452 2360 507 2405 (et
531 2360 621 2404 post
644 2370 673 2396 8.
699 2359 722 2395 1.
749 2359 835 2396 add.
856 2359 913 2395 N¹
915 2357 1138 2404 >NMGT11

151 2425 246 2452 Aron
228 2432 383 2453 numanis
403 2426 451 2452 ed.
471 2421 1237 2454 Μο111π14
