1592 2612
26 0 90 38 &w
78 34 84 37 v
94 0 220 39 ᾗὲῖἵὰξῇ
208 0 273 36 ,3⁴:⁶¹7
287 0 292 8 2
299 0 302 3 ⁴
310 0 320 29 γ’,
351 4 374 11 ,ΔΗ

10 42 23 65 ῐἸ
56 67 64 72 >⁴
77 37 85 58 ¹¹
125 37 131 47 s
204 40 206 44 '
384 56 387 63 v

0 79 5 102 ἱ

259 128 491 167 SIDONIUS
514 127 820 166 APOLLINARI
845 128 940 166 SUO
966 128 1210 166 SALUTEM.
1347 128 1434 172 107

39 230 183 272 hibere
225 232 471 285 satietatem,
509 232 546 271 si
577 230 803 284 displicuit,
841 230 983 271 debuit
1012 243 1176 271 movere
1215 230 1435 271 fastidium.

41 295 89 332 tu
120 297 268 347 autem,
298 291 493 345 quicquid
525 291 626 332 illud
652 296 727 345 est,
758 291 881 331 fidem
909 297 1020 332 tuam
1046 291 1236 332 celeriter
1261 291 1436 346 absolve,

39 364 107 408 ne,
137 354 176 394 si
205 354 425 407 repetitum
449 351 632 393 libellum
658 353 792 392 serius
818 351 989 392 reddere
1015 364 1147 407 paras,
1178 352 1435 393 membranas

39 415 175 467 potius
205 413 382 455 videaris
414 425 547 454 amare
581 425 701 466 quam
734 412 900 453 litteras,
953 412 1052 453 vale.

695 579 774 623 ΠΙ.

259 662 489 700 SIDONIUS
517 662 822 700 APOLLINARI
848 662 942 699 SUO
970 662 1214 699 SALUTEM.
1471 671 1489 698 5

135 737 174 781 1.
206 739 285 780 Par
310 745 399 781 erat
424 740 590 794 quidem
616 740 893 793 garrulitatem
918 746 1100 780 nostram
1126 739 1280 780 silentii
1306 742 1434 781 vestri

39 800 190 841 talione
232 801 395 841 frenari.
466 801 536 841 sed
576 803 768 855 quoniam
805 801 985 853 perfecta
1026 800 1191 840 dilectio
1231 814 1312 841 non
1351 806 1434 842 tam

40 861 162 902 debet
199 860 400 915 recolere,
439 862 536 914 quid
575 862 803 902 officiorum
843 860 987 914 solvat,
1026 873 1147 914 quam
1184 863 1433 916 meminisse,

40 921 139 975 quid
171 921 333 976 debeat,
371 923 494 962 etiam
525 935 634 963 nunc
666 922 809 963 laxatis
847 921 1116 962 verecundiae
1154 921 1323 962 habenis
1363 922 1433 962 ob-

40 984 228 1036 sequium
266 981 433 1036 alloquii
470 983 720 1036 impudentis
758 984 967 1023 iteramus.
1037 983 1155 1023 cuius
1193 982 1433 1036 improbitas
1453 999 1489 1025 ιο

38 1042 103 1083 vel
141 1042 237 1083 hinc
274 1045 450 1083 maxime
489 1043 734 1098 dinoscitur,
779 1042 886 1096 quod
924 1044 1081 1083 tacetis.
1145 1055 1295 1096 ergone
1334 1044 1433 1097 quid

38 1108 222 1157 tempore
250 1103 484 1144 hostilitatis
510 1106 697 1159 ageretis,
729 1104 867 1158 frater,
899 1116 1021 1144 nosse
1047 1116 1130 1143 non
1155 1102 1318 1145 merui?
1350 1104 1433 1144 dis-

40 1163 263 1205 simulastis
294 1164 454 1218 trepido
486 1178 560 1218 pro
587 1164 701 1205 vobis
728 1166 857 1205 amico
883 1163 947 1204 vel
974 1165 1234 1204 securitatem
1258 1165 1432 1218 prodere

39 1223 103 1265 vel
128 1222 348 1266 timorem?
398 1223 438 1265 2.
472 1225 569 1278 quid
596 1231 659 1266 est
684 1225 805 1278 aliud,
838 1226 875 1265 si
899 1226 1128 1278 requirenti
1153 1230 1244 1266 tuas
1271 1228 1433 1279 suppri-

38 1297 126 1326 mas
158 1287 351 1339 actiones,
390 1298 511 1338 quam
544 1288 746 1340 suspicari
778 1298 884 1339 eum,
917 1287 988 1338 qui
1019 1287 1080 1326 tui
1114 1285 1314 1326 sollicitus
1346 1288 1430 1326 exi-
1451 1302 1486 1329 15

41 1345 140 1400 stat,
184 1351 254 1387 aut
297 1351 407 1387 certe
452 1359 536 1386 non
573 1349 806 1399 gavisurum
848 1348 1069 1399 compertis
1110 1349 1321 1400 prosperis
1363 1353 1432 1388 aut

39 1408 214 1460 tristem,
246 1407 283 1446 si
314 1406 475 1447 diversa
507 1409 719 1462 cesserint,
751 1420 833 1447 non
865 1404 1077 1447 futurum?
1133 1407 1307 1448 facessat
1332 1408 1431 1448 haec

40 1479 63 1507 a
94 1466 213 1507 bonis
245 1467 428 1507 moribus
461 1468 681 1520 impietatis
720 1469 857 1520 opinio
896 1473 937 1507 et
968 1480 990 1507 a
1023 1467 1197 1508 candore
1232 1480 1305 1508 suo
1338 1481 1432 1509 vera

40 1529 189 1568 caritas
213 1539 387 1567 naevum
411 1532 495 1567 tam
519 1529 692 1568 miserae
720 1529 965 1581 suspicionis
992 1527 1185 1568 eliminet.
1243 1541 1431 1583 namque,

40 1593 86 1628 ut
105 1587 274 1641 Crispus
293 1593 428 1628 vester
447 1587 633 1642 affirmat,
658 1588 784 1628 idem
809 1587 935 1628 velle
962 1593 1107 1641 atque
1132 1588 1259 1628 idem
1279 1589 1430 1643 nolle,
1450 1606 1487 1632 ρο

40 1661 94 1688 ea
126 1648 312 1689 demum
350 1648 494 1688 firma
532 1650 751 1689 amicitia
789 1653 875 1689 est.
939 1645 978 1688 3.
1011 1649 1166 1688 interea
1198 1650 1235 1688 si
1267 1649 1328 1689 vel
1360 1663 1431 1690 vos

39 1708 200 1763 valetis,
235 1708 340 1749 bene
371 1715 445 1749 est.
509 1721 583 1762 ego
616 1715 770 1763 autem,
812 1708 987 1749 infelicis
1020 1710 1293 1750 conscientiae
1325 1710 1430 1751 mole

40 1769 273 1823 depressus,
303 1771 343 1809 vi
375 1769 550 1810 febrium
582 1782 714 1823 nuper
746 1775 973 1810 extremum
999 1768 1142 1809 salutis
1169 1771 1336 1824 accessi,
1368 1776 1431 1811 ut-

42 1835 137 1883 pote
170 1831 238 1870 cui
269 1829 554 1883 indignissimo
581 1835 714 1871 tantae
740 1831 1008 1883 professionis
1029 1829 1189 1883 pondus
1210 1831 1431 1883 impactum

40 1895 122 1944 est,
160 1892 231 1944 qui
262 1892 405 1945 miser,
443 1896 535 1931 ante
574 1890 807 1944 compulsus
847 1891 993 1930 docere
1032 1902 1153 1943 quam
1192 1890 1351 1931 discere
1390 1897 1485 1935 et25

42 1955 135 1991 ante
165 1963 431 2004 praesumens
463 1951 613 1992 bonum
640 1951 874 2005 praedicare
902 1963 1023 2004 quam
1049 1951 1194 2003 facere,
1226 1956 1431 2005 tamquam

42 2010 193 2051 sterilis
224 2011 357 2065 arbor,
395 2025 488 2052 cum
520 2025 601 2052 non
634 2012 802 2052 habeam
841 2024 963 2064 opera
994 2024 1069 2064 pro
1100 2012 1246 2065 pomis,
1284 2025 1430 2066 spargo

41 2071 164 2112 verba
189 2084 263 2125 pro
296 2071 416 2112 soliis.
466 2069 508 2112 4.
541 2072 648 2125 quod
680 2078 818 2126 restat,
851 2077 976 2125 orate,
1009 2077 1054 2112 ut
1079 2084 1225 2125 operae
1252 2075 1431 2125 pretium

42 2132 108 2186 sit,
149 2132 255 2186 quod
294 2132 343 2172 ab
383 2133 542 2173 inferna
579 2133 873 2186 propemodum
912 2132 1007 2172 sede
1047 2134 1328 2186 remeavimus,
1366 2146 1430 2187 ne,

42 2193 78 2232 si
110 2193 152 2233 in
183 2194 415 2246 praeteritis
453 2193 693 2233 criminibus
731 2195 1019 2247 manserimus,
1058 2194 1225 2246 incipiat
1262 2193 1311 2233 ad
1344 2196 1429 2235 ani·
1449 2209 1485 2237 30

140 2323 188 2356 20
214 2320 371 2357 Sallust.
393 2321 475 2357 Cat.
495 2332 526 2356 e.
548 2323 608 2367 20,
627 2324 661 2357 4.

44 2414 119 2451 mis
144 2370 431 2454 Ἇῗὸιᾶξρτίωεε
452 2369 498 2415 L,
526 2369 741 2417 subprimas
768 2381 860 2407 corr.
889 2371 931 2406 in
958 2369 1163 2416 supprimis
1183 2370 1253 2416 N¹‚
1281 2371 1431 2418 suppri-
