<?xml version="1.0" encoding="UTF-8"?>
<!DOCTYPE html PUBLIC "-//W3C//DTD XHTML 1.0 Transitional//EN"
    "http://www.w3.org/TR/xhtml1/DTD/xhtml1-transitional.dtd">
<html xmlns="http://www.w3.org/1999/xhtml" xml:lang="en" lang="en">
 <head>
  <title>
</title>
<meta http-equiv="Content-Type" content="text/html;charset=utf-8" />
  <meta name='ocr-system' content='tesseract 3.04.00' />
  <meta name='ocr-capabilities' content='ocr_page ocr_carea ocr_par ocr_line ocrx_word'/>
</head>
<body>
  <div class='ocr_page' id='page_1' title='image "./csolliusapollina00sidouoft_0354.png"; bbox 0 0 1592 2612; ppageno 0'>
   <div class='ocr_carea' id='block_1_1' title="bbox 134 101 1075 158">
    <p class='ocr_par' dir='ltr' id='par_1_1' title="bbox 134 101 1075 158">
     <span class='ocr_line' id='line_1_1' title="bbox 134 101 1075 158; baseline -0.005 -9"><span class='ocrx_word' id='word_1_1' title='bbox 134 115 222 158; x_wconf 83' lang='lat'>302</span> <span class='ocrx_word' id='word_1_2' title='bbox 669 109 873 147; x_wconf 81' lang='lat' dir='ltr'>CARMEN</span> <span class='ocrx_word' id='word_1_3' title='bbox 900 109 964 145; x_wconf 82' lang='lat' dir='ltr'>IX.</span> <span class='ocrx_word' id='word_1_4' title='bbox 1049 101 1075 125; x_wconf 69' lang='lat'><strong><em>⁹</em></strong></span> 
     </span>
    </p>
   </div>
   <div class='ocr_carea' id='block_1_2' title="bbox 251 209 1334 2257">
    <p class='ocr_par' dir='ltr' id='par_1_2' title="bbox 347 209 1165 323">
     <span class='ocr_line' id='line_1_2' title="bbox 348 209 1151 263; baseline -0.007 -8"><span class='ocrx_word' id='word_1_5' title='bbox 348 227 429 255; x_wconf 91' lang='lat' dir='ltr'>non</span> <span class='ocrx_word' id='word_1_6' title='bbox 461 214 526 254; x_wconf 92' lang='lat' dir='ltr'>hic</span> <span class='ocrx_word' id='word_1_7' title='bbox 559 212 746 253; x_wconf 86' lang='lat' dir='ltr'>socciferi</span> <span class='ocrx_word' id='word_1_8' title='bbox 778 213 888 251; x_wconf 91' lang='lat' dir='ltr'>iocos</span> <span class='ocrx_word' id='word_1_9' title='bbox 921 209 1151 263; x_wconf 82' lang='lat' dir='ltr'>Menandri,</span> 
     </span>
     <span class='ocr_line' id='line_1_3' title="bbox 347 269 1165 323; baseline -0.009 -8"><span class='ocrx_word' id='word_1_10' title='bbox 347 287 428 316; x_wconf 90' lang='lat' dir='ltr'>non</span> <span class='ocrx_word' id='word_1_11' title='bbox 460 274 557 314; x_wconf 92' lang='lat' dir='ltr'>laesi</span> <span class='ocrx_word' id='word_1_12' title='bbox 588 272 819 313; x_wconf 83' lang='lat' dir='ltr'>Archilochi</span> <span class='ocrx_word' id='word_1_13' title='bbox 851 271 959 311; x_wconf 84' lang='lat' dir='ltr'>feros</span> <span class='ocrx_word' id='word_1_14' title='bbox 991 269 1165 323; x_wconf 92' lang='lat' dir='ltr'>iambos,</span> 
     </span>
    </p>

    <p class='ocr_par' dir='ltr' id='par_1_3' title="bbox 253 329 1215 629">
     <span class='ocr_line' id='line_1_4' title="bbox 253 329 1207 388; baseline -0.007 -12"><span class='ocrx_word' id='word_1_15' title='bbox 253 343 322 376; x_wconf 88' lang='grc'>215</span> <span class='ocrx_word' id='word_1_16' title='bbox 348 335 410 376; x_wconf 89' lang='lat' dir='ltr'>vel</span> <span class='ocrx_word' id='word_1_17' title='bbox 441 334 532 388; x_wconf 91' lang='lat' dir='ltr'>plus</span> <span class='ocrx_word' id='word_1_18' title='bbox 565 333 787 374; x_wconf 82' lang='lat' dir='ltr'>Stesichori</span> <span class='ocrx_word' id='word_1_19' title='bbox 819 343 959 384; x_wconf 86' lang='lat' dir='ltr'>graves</span> <span class='ocrx_word' id='word_1_20' title='bbox 993 329 1207 384; x_wconf 79' lang='lat' dir='ltr'>Camenas,</span> 
     </span>
     <span class='ocr_line' id='line_1_5' title="bbox 348 389 1166 448; baseline -0.009 -12"><span class='ocrx_word' id='word_1_21' title='bbox 348 400 416 436; x_wconf 90' lang='lat' dir='ltr'>aut</span> <span class='ocrx_word' id='word_1_22' title='bbox 447 394 553 448; x_wconf 92' lang='lat' dir='ltr'>quod</span> <span class='ocrx_word' id='word_1_23' title='bbox 585 394 812 446; x_wconf 83' lang='lat' dir='ltr'>composuit</span> <span class='ocrx_word' id='word_1_24' title='bbox 843 391 975 445; x_wconf 91' lang='lat' dir='ltr'>puella</span> <span class='ocrx_word' id='word_1_25' title='bbox 1006 389 1166 444; x_wconf 81' lang='lat' dir='ltr'>Lesbis3</span> 
     </span>
     <span class='ocr_line' id='line_1_6' title="bbox 349 450 1215 508; baseline -0.007 -12"><span class='ocrx_word' id='word_1_26' title='bbox 349 468 430 496; x_wconf 91' lang='lat' dir='ltr'>non</span> <span class='ocrx_word' id='word_1_27' title='bbox 462 455 569 508; x_wconf 89' lang='lat' dir='ltr'>quod</span> <span class='ocrx_word' id='word_1_28' title='bbox 601 454 761 494; x_wconf 88' lang='lat' dir='ltr'>Mantua</span> <span class='ocrx_word' id='word_1_29' title='bbox 794 457 1008 493; x_wconf 85' lang='lat' dir='ltr'>contumax</span> <span class='ocrx_word' id='word_1_30' title='bbox 1039 450 1215 491; x_wconf 83' lang='lat' dir='ltr'>Homero</span> 
     </span>
     <span class='ocr_line' id='line_1_7' title="bbox 349 512 972 566; baseline -0.006 -10"><span class='ocrx_word' id='word_1_31' title='bbox 349 516 494 556; x_wconf 87' lang='lat' dir='ltr'>adiecit</span> <span class='ocrx_word' id='word_1_32' title='bbox 524 514 750 555; x_wconf 88' lang='lat' dir='ltr'>Latiaribus</span> <span class='ocrx_word' id='word_1_33' title='bbox 782 512 972 566; x_wconf 76' lang='lat' dir='ltr'>loquelis,</span> 
     </span>
     <span class='ocr_line' id='line_1_8' title="bbox 347 572 1070 629; baseline -0.006 -13"><span class='ocrx_word' id='word_1_34' title='bbox 347 577 512 629; x_wconf 86' lang='lat' dir='ltr'>aequari</span> <span class='ocrx_word' id='word_1_35' title='bbox 545 575 707 615; x_wconf 88' lang='lat' dir='ltr'>sibimet</span> <span class='ocrx_word' id='word_1_36' title='bbox 739 573 909 614; x_wconf 87' lang='lat' dir='ltr'>subinde</span> <span class='ocrx_word' id='word_1_37' title='bbox 942 572 1070 612; x_wconf 89' lang='lat' dir='ltr'>livens</span> 
     </span>
    </p>

    <p class='ocr_par' dir='ltr' id='par_1_4' title="bbox 251 634 1262 929">
     <span class='ocr_line' id='line_1_9' title="bbox 251 634 1069 689; baseline -0.006 -12"><span class='ocrx_word' id='word_1_38' title='bbox 251 645 320 678; x_wconf 89' lang='grc'>220</span> <span class='ocrx_word' id='word_1_39' title='bbox 346 636 464 677; x_wconf 91' lang='lat' dir='ltr'>busto</span> <span class='ocrx_word' id='word_1_40' title='bbox 496 635 789 689; x_wconf 87' lang='lat' dir='ltr'>Parthenopam</span> <span class='ocrx_word' id='word_1_41' title='bbox 820 634 1069 686; x_wconf 82' lang='lat' dir='ltr'>Maronian03</span> 
     </span>
     <span class='ocr_line' id='line_1_10' title="bbox 347 693 1163 749; baseline -0.006 -12"><span class='ocrx_word' id='word_1_42' title='bbox 347 710 426 737; x_wconf 92' lang='lat' dir='ltr'>non</span> <span class='ocrx_word' id='word_1_43' title='bbox 460 696 566 749; x_wconf 90' lang='lat' dir='ltr'>quod</span> <span class='ocrx_word' id='word_1_44' title='bbox 598 700 690 749; x_wconf 92' lang='lat' dir='ltr'>post</span> <span class='ocrx_word' id='word_1_45' title='bbox 722 696 866 735; x_wconf 91' lang='lat' dir='ltr'>satiras</span> <span class='ocrx_word' id='word_1_46' title='bbox 899 693 1163 747; x_wconf 85' lang='lat' dir='ltr'>epistularum</span> 
     </span>
     <span class='ocr_line' id='line_1_11' title="bbox 348 752 1262 809; baseline -0.004 -12"><span class='ocrx_word' id='word_1_47' title='bbox 348 769 658 809; x_wconf 86' lang='lat' dir='ltr'>sermonumque</span> <span class='ocrx_word' id='word_1_48' title='bbox 692 755 794 796; x_wconf 89' lang='lat' dir='ltr'>sales</span> <span class='ocrx_word' id='word_1_49' title='bbox 826 766 1054 807; x_wconf 88' lang='lat' dir='ltr'>novumque</span> <span class='ocrx_word' id='word_1_50' title='bbox 1087 752 1262 807; x_wconf 86' lang='lat' dir='ltr'>epodon,</span> 
     </span>
     <span class='ocr_line' id='line_1_12' title="bbox 346 817 1166 869; baseline -0.005 -11"><span class='ocrx_word' id='word_1_51' title='bbox 346 818 472 858; x_wconf 89' lang='lat' dir='ltr'>libros</span> <span class='ocrx_word' id='word_1_52' title='bbox 505 818 695 857; x_wconf 90' lang='lat' dir='ltr'>carminis</span> <span class='ocrx_word' id='word_1_53' title='bbox 728 829 773 856; x_wconf 88' lang='lat' dir='ltr'>ac</span> <span class='ocrx_word' id='word_1_54' title='bbox 805 817 1005 869; x_wconf 89' lang='lat' dir='ltr'>poeticam</span> <span class='ocrx_word' id='word_1_55' title='bbox 1038 819 1166 855; x_wconf 92' lang='lat' dir='ltr'>artem</span> 
     </span>
     <span class='ocr_line' id='line_1_13' title="bbox 346 875 1120 929; baseline -0.004 -11"><span class='ocrx_word' id='word_1_56' title='bbox 346 878 498 918; x_wconf 86' lang='lat' dir='ltr'>Phoebi</span> <span class='ocrx_word' id='word_1_57' title='bbox 529 877 714 918; x_wconf 89' lang='lat' dir='ltr'>laudibus</span> <span class='ocrx_word' id='word_1_58' title='bbox 748 881 788 917; x_wconf 90' lang='lat' dir='ltr'>et</span> <span class='ocrx_word' id='word_1_59' title='bbox 818 889 939 929; x_wconf 85' lang='lat' dir='ltr'>vagae</span> <span class='ocrx_word' id='word_1_60' title='bbox 971 875 1120 915; x_wconf 92' lang='lat' dir='ltr'>Dianae</span> 
     </span>
    </p>

    <p class='ocr_par' dir='ltr' id='par_1_5' title="bbox 251 935 1260 1233">
     <span class='ocr_line' id='line_1_14' title="bbox 251 935 1140 991; baseline -0.004 -12"><span class='ocrx_word' id='word_1_61' title='bbox 251 947 320 979; x_wconf 86' lang='grc'>225</span> <span class='ocrx_word' id='word_1_62' title='bbox 351 940 591 991; x_wconf 85' lang='lat' dir='ltr'>conscriptis</span> <span class='ocrx_word' id='word_1_63' title='bbox 623 937 748 978; x_wconf 85' lang='lat' dir='ltr'>voluit</span> <span class='ocrx_word' id='word_1_64' title='bbox 781 949 924 977; x_wconf 88' lang='lat' dir='ltr'>sonare</span> <span class='ocrx_word' id='word_1_65' title='bbox 956 935 1140 989; x_wconf 83' lang='lat' dir='ltr'>Flaccus3</span> 
     </span>
     <span class='ocr_line' id='line_1_15' title="bbox 350 998 1147 1051; baseline -0.004 -12"><span class='ocrx_word' id='word_1_66' title='bbox 350 1012 431 1039; x_wconf 91' lang='lat' dir='ltr'>non</span> <span class='ocrx_word' id='word_1_67' title='bbox 465 999 570 1051; x_wconf 90' lang='lat' dir='ltr'>quod</span> <span class='ocrx_word' id='word_1_68' title='bbox 603 998 793 1051; x_wconf 91' lang='lat' dir='ltr'>Papinius</span> <span class='ocrx_word' id='word_1_69' title='bbox 825 1002 919 1038; x_wconf 91' lang='lat' dir='ltr'>tuus</span> <span class='ocrx_word' id='word_1_70' title='bbox 952 1008 1147 1048; x_wconf 88' lang='lat' dir='ltr'>meusque</span> 
     </span>
     <span class='ocr_line' id='line_1_16' title="bbox 346 1051 1220 1100; baseline -0.003 -1"><span class='ocrx_word' id='word_1_71' title='bbox 346 1061 453 1100; x_wconf 89' lang='lat' dir='ltr'>inter</span> <span class='ocrx_word' id='word_1_72' title='bbox 484 1059 704 1099; x_wconf 87' lang='lat' dir='ltr'>Labdacios</span> <span class='ocrx_word' id='word_1_73' title='bbox 737 1063 853 1098; x_wconf 91' lang='lat' dir='ltr'>sonat</span> <span class='ocrx_word' id='word_1_74' title='bbox 885 1058 1044 1097; x_wconf 86' lang='lat' dir='ltr'>furores</span> <span class='ocrx_word' id='word_1_75' title='bbox 1070 1067 1073 1070; x_wconf 71' lang='grc'>’</span> <span class='ocrx_word' id='word_1_76' title='bbox 1217 1051 1220 1054; x_wconf 43' lang='lat'><strong>⁴</strong></span> 
     </span>
     <span class='ocr_line' id='line_1_17' title="bbox 348 1116 1260 1172; baseline -0.005 -12"><span class='ocrx_word' id='word_1_77' title='bbox 348 1125 415 1160; x_wconf 86' lang='lat' dir='ltr'>aut</span> <span class='ocrx_word' id='word_1_78' title='bbox 447 1132 538 1159; x_wconf 92' lang='lat' dir='ltr'>cum</span> <span class='ocrx_word' id='word_1_79' title='bbox 571 1120 672 1159; x_wconf 86' lang='lat' dir='ltr'>forte</span> <span class='ocrx_word' id='word_1_80' title='bbox 704 1119 853 1172; x_wconf 91' lang='lat' dir='ltr'>pedum</span> <span class='ocrx_word' id='word_1_81' title='bbox 885 1120 1041 1158; x_wconf 91' lang='lat' dir='ltr'>minore</span> <span class='ocrx_word' id='word_1_82' title='bbox 1074 1116 1260 1170; x_wconf 84' lang='lat' dir='ltr'>rhythmo</span> 
     </span>
     <span class='ocr_line' id='line_1_18' title="bbox 348 1177 1112 1233; baseline -0.004 -13"><span class='ocrx_word' id='word_1_83' title='bbox 348 1182 477 1233; x_wconf 81' lang='lat' dir='ltr'>pingit</span> <span class='ocrx_word' id='word_1_84' title='bbox 508 1192 688 1232; x_wconf 86' lang='lat' dir='ltr'>gemmea</span> <span class='ocrx_word' id='word_1_85' title='bbox 720 1184 834 1232; x_wconf 90' lang='lat' dir='ltr'>prata</span> <span class='ocrx_word' id='word_1_86' title='bbox 866 1177 1112 1219; x_wconf 90' lang='lat' dir='ltr'>silvularum.</span> 
     </span>
    </p>

    <p class='ocr_par' dir='ltr' id='par_1_6' title="bbox 252 1236 1334 1534">
     <span class='ocr_line' id='line_1_19' title="bbox 252 1236 1334 1293; baseline -0.005 -12"><span class='ocrx_word' id='word_1_87' title='bbox 252 1249 322 1282; x_wconf 87' lang='grc'>230</span> <span class='ocrx_word' id='word_1_88' title='bbox 409 1240 498 1280; x_wconf 91' lang='lat' dir='ltr'>Non</span> <span class='ocrx_word' id='word_1_89' title='bbox 531 1240 636 1293; x_wconf 90' lang='lat' dir='ltr'>quod</span> <span class='ocrx_word' id='word_1_90' title='bbox 670 1239 854 1280; x_wconf 88' lang='lat' dir='ltr'>Corduba</span> <span class='ocrx_word' id='word_1_91' title='bbox 886 1242 1128 1292; x_wconf 89' lang='lat' dir='ltr'>praepotens</span> <span class='ocrx_word' id='word_1_92' title='bbox 1162 1236 1334 1277; x_wconf 91' lang='lat' dir='ltr'>alumnis</span> 
     </span>
     <span class='ocr_line' id='line_1_20' title="bbox 348 1298 1207 1354; baseline -0.003 -14"><span class='ocrx_word' id='word_1_93' title='bbox 348 1300 564 1341; x_wconf 87' lang='lat' dir='ltr'>facundum</span> <span class='ocrx_word' id='word_1_94' title='bbox 597 1302 692 1354; x_wconf 86' lang='lat' dir='ltr'>ciet,</span> <span class='ocrx_word' id='word_1_95' title='bbox 725 1301 791 1340; x_wconf 86' lang='lat' dir='ltr'>hic</span> <span class='ocrx_word' id='word_1_96' title='bbox 823 1304 942 1353; x_wconf 88' lang='lat' dir='ltr'>putes</span> <span class='ocrx_word' id='word_1_97' title='bbox 974 1298 1207 1352; x_wconf 86' lang='lat' dir='ltr'>legendum,</span> 
     </span>
     <span class='ocr_line' id='line_1_21' title="bbox 350 1358 1220 1414; baseline -0.005 -13"><span class='ocrx_word' id='word_1_98' title='bbox 350 1374 520 1414; x_wconf 87' lang='lat' dir='ltr'>quorum</span> <span class='ocrx_word' id='word_1_99' title='bbox 552 1374 656 1401; x_wconf 91' lang='lat' dir='ltr'>unus</span> <span class='ocrx_word' id='word_1_100' title='bbox 690 1360 785 1401; x_wconf 87' lang='lat' dir='ltr'>colit</span> <span class='ocrx_word' id='word_1_101' title='bbox 816 1360 1023 1413; x_wconf 90' lang='lat' dir='ltr'>hispidum</span> <span class='ocrx_word' id='word_1_102' title='bbox 1055 1358 1220 1398; x_wconf 87' lang='lat' dir='ltr'>Platona</span> 
     </span>
     <span class='ocr_line' id='line_1_22' title="bbox 348 1419 1208 1474; baseline -0.003 -13"><span class='ocrx_word' id='word_1_103' title='bbox 348 1423 632 1474; x_wconf 82' lang='lat' dir='ltr'>incassumque</span> <span class='ocrx_word' id='word_1_104' title='bbox 666 1434 785 1461; x_wconf 87' lang='lat' dir='ltr'>suum</span> <span class='ocrx_word' id='word_1_105' title='bbox 816 1425 954 1460; x_wconf 91' lang='lat' dir='ltr'>monet</span> <span class='ocrx_word' id='word_1_106' title='bbox 986 1419 1208 1474; x_wconf 79' lang='lat' dir='ltr'>Neronem,</span> 
     </span>
     <span class='ocr_line' id='line_1_23' title="bbox 349 1479 1149 1534; baseline -0.003 -13"><span class='ocrx_word' id='word_1_107' title='bbox 349 1482 596 1521; x_wconf 89' lang='lat' dir='ltr'>orchestram</span> <span class='ocrx_word' id='word_1_108' title='bbox 629 1483 756 1534; x_wconf 89' lang='lat' dir='ltr'>quatit</span> <span class='ocrx_word' id='word_1_109' title='bbox 788 1481 889 1521; x_wconf 91' lang='lat' dir='ltr'>alter</span> <span class='ocrx_word' id='word_1_110' title='bbox 920 1479 1149 1533; x_wconf 88' lang='lat' dir='ltr'>Euripidis,</span> 
     </span>
    </p>

    <p class='ocr_par' dir='ltr' id='par_1_7' title="bbox 252 1541 1243 1834">
     <span class='ocr_line' id='line_1_24' title="bbox 252 1541 1164 1594; baseline -0.002 -13"><span class='ocrx_word' id='word_1_111' title='bbox 252 1548 321 1581; x_wconf 87' lang='grc'>235</span> <span class='ocrx_word' id='word_1_112' title='bbox 348 1543 500 1594; x_wconf 91' lang='lat' dir='ltr'>pictum</span> <span class='ocrx_word' id='word_1_113' title='bbox 533 1541 711 1582; x_wconf 88' lang='lat' dir='ltr'>faecibus</span> <span class='ocrx_word' id='word_1_114' title='bbox 745 1541 969 1594; x_wconf 76' lang='lat' dir='ltr'>Aeschylon</span> <span class='ocrx_word' id='word_1_115' title='bbox 1001 1544 1164 1580; x_wconf 81' lang='lat' dir='ltr'>secutus</span> 
     </span>
     <span class='ocr_line' id='line_1_25' title="bbox 350 1600 1243 1655; baseline -0.002 -14"><span class='ocrx_word' id='word_1_116' title='bbox 350 1607 417 1642; x_wconf 89' lang='lat' dir='ltr'>aut</span> <span class='ocrx_word' id='word_1_117' title='bbox 450 1602 641 1655; x_wconf 88' lang='lat' dir='ltr'>plaustris</span> <span class='ocrx_word' id='word_1_118' title='bbox 676 1601 838 1642; x_wconf 90' lang='lat' dir='ltr'>solitum</span> <span class='ocrx_word' id='word_1_119' title='bbox 870 1614 1014 1642; x_wconf 89' lang='lat' dir='ltr'>sonare</span> <span class='ocrx_word' id='word_1_120' title='bbox 1046 1600 1243 1654; x_wconf 90' lang='lat' dir='ltr'>Thespin,</span> 
     </span>
     <span class='ocr_line' id='line_1_26' title="bbox 350 1661 1192 1715; baseline -0.001 -14"><span class='ocrx_word' id='word_1_121' title='bbox 350 1663 419 1714; x_wconf 89' lang='lat' dir='ltr'>qui</span> <span class='ocrx_word' id='word_1_122' title='bbox 451 1667 542 1714; x_wconf 92' lang='lat' dir='ltr'>post</span> <span class='ocrx_word' id='word_1_123' title='bbox 572 1662 726 1715; x_wconf 89' lang='lat' dir='ltr'>pulpita</span> <span class='ocrx_word' id='word_1_124' title='bbox 758 1664 853 1702; x_wconf 89' lang='lat' dir='ltr'>trita</span> <span class='ocrx_word' id='word_1_125' title='bbox 887 1662 960 1702; x_wconf 93' lang='lat' dir='ltr'>sub</span> <span class='ocrx_word' id='word_1_126' title='bbox 995 1661 1192 1701; x_wconf 91' lang='lat' dir='ltr'>cothurno</span> 
     </span>
     <span class='ocr_line' id='line_1_27' title="bbox 350 1721 1122 1775; baseline 0 -14"><span class='ocrx_word' id='word_1_127' title='bbox 350 1722 547 1762; x_wconf 87' lang='lat' dir='ltr'>ducebant</span> <span class='ocrx_word' id='word_1_128' title='bbox 579 1722 707 1762; x_wconf 89' lang='lat' dir='ltr'>olidae</span> <span class='ocrx_word' id='word_1_129' title='bbox 740 1735 893 1762; x_wconf 88' lang='lat' dir='ltr'>marem</span> <span class='ocrx_word' id='word_1_130' title='bbox 926 1721 1122 1775; x_wconf 66' lang='lat' dir='ltr'>capellae,</span> 
     </span>
     <span class='ocr_line' id='line_1_28' title="bbox 348 1782 1025 1834; baseline 0 -13"><span class='ocrx_word' id='word_1_131' title='bbox 348 1794 523 1834; x_wconf 88' lang='lat' dir='ltr'>pugnam</span> <span class='ocrx_word' id='word_1_132' title='bbox 555 1784 698 1823; x_wconf 86' lang='lat' dir='ltr'>tertius</span> <span class='ocrx_word' id='word_1_133' title='bbox 732 1782 798 1822; x_wconf 87' lang='lat' dir='ltr'>ille</span> <span class='ocrx_word' id='word_1_134' title='bbox 831 1783 1025 1823; x_wconf 89' lang='lat' dir='ltr'>Gallicani</span> 
     </span>
    </p>

    <p class='ocr_par' dir='ltr' id='par_1_8' title="bbox 253 1842 1220 2124">
     <span class='ocr_line' id='line_1_29' title="bbox 253 1842 1140 1896; baseline 0.001 -15"><span class='ocrx_word' id='word_1_135' title='bbox 253 1850 322 1882; x_wconf 83' lang='grc'>240</span> <span class='ocrx_word' id='word_1_136' title='bbox 349 1842 450 1882; x_wconf 84' lang='lat' dir='ltr'>dixit</span> <span class='ocrx_word' id='word_1_137' title='bbox 482 1842 681 1896; x_wconf 89' lang='lat' dir='ltr'>Caesaris,</span> <span class='ocrx_word' id='word_1_138' title='bbox 713 1848 757 1883; x_wconf 87' lang='lat' dir='ltr'>ut</span> <span class='ocrx_word' id='word_1_139' title='bbox 789 1856 912 1896; x_wconf 84' lang='lat' dir='ltr'>gener</span> <span class='ocrx_word' id='word_1_140' title='bbox 945 1854 1140 1894; x_wconf 87' lang='lat' dir='ltr'>socerque</span> 
     </span>
     <span class='ocr_line' id='line_1_30' title="bbox 350 1902 1219 1955; baseline -0.001 -13"><span class='ocrx_word' id='word_1_141' title='bbox 350 1907 516 1954; x_wconf 86' lang='lat' dir='ltr'>cognata</span> <span class='ocrx_word' id='word_1_142' title='bbox 549 1903 786 1955; x_wconf 88' lang='lat' dir='ltr'>impulerint</span> <span class='ocrx_word' id='word_1_143' title='bbox 817 1905 859 1943; x_wconf 90' lang='lat' dir='ltr'>in</span> <span class='ocrx_word' id='word_1_144' title='bbox 891 1916 1002 1943; x_wconf 91' lang='lat' dir='ltr'>arma</span> <span class='ocrx_word' id='word_1_145' title='bbox 1033 1902 1219 1955; x_wconf 88' lang='lat' dir='ltr'>Romam,</span> 
     </span>
     <span class='ocr_line' id='line_1_31' title="bbox 349 1962 1220 2016; baseline -0.001 -14"><span class='ocrx_word' id='word_1_146' title='bbox 349 1967 506 2002; x_wconf 88' lang='lat' dir='ltr'>tantum</span> <span class='ocrx_word' id='word_1_147' title='bbox 539 1963 637 2002; x_wconf 89' lang='lat' dir='ltr'>dans</span> <span class='ocrx_word' id='word_1_148' title='bbox 670 1963 853 2003; x_wconf 85' lang='lat' dir='ltr'>lacrimas</span> <span class='ocrx_word' id='word_1_149' title='bbox 887 1965 971 2004; x_wconf 90' lang='lat' dir='ltr'>suis</span> <span class='ocrx_word' id='word_1_150' title='bbox 1003 1962 1220 2016; x_wconf 91' lang='lat' dir='ltr'>Philippis,</span> 
     </span>
     <span class='ocr_line' id='line_1_32' title="bbox 348 2022 1177 2076; baseline 0 -14"><span class='ocrx_word' id='word_1_151' title='bbox 348 2027 393 2062; x_wconf 89' lang='lat' dir='ltr'>ut</span> <span class='ocrx_word' id='word_1_152' title='bbox 426 2022 562 2062; x_wconf 87' lang='lat' dir='ltr'>credat</span> <span class='ocrx_word' id='word_1_153' title='bbox 594 2023 806 2063; x_wconf 88' lang='lat' dir='ltr'>Cremerae</span> <span class='ocrx_word' id='word_1_154' title='bbox 840 2023 968 2064; x_wconf 87' lang='lat' dir='ltr'>levem</span> <span class='ocrx_word' id='word_1_155' title='bbox 1000 2025 1177 2076; x_wconf 89' lang='lat' dir='ltr'>ruinam,</span> 
     </span>
     <span class='ocr_line' id='line_1_33' title="bbox 349 2083 1135 2124; baseline 0.004 -3"><span class='ocrx_word' id='word_1_156' title='bbox 349 2083 453 2122; x_wconf 88' lang='lat' dir='ltr'>infra</span> <span class='ocrx_word' id='word_1_157' title='bbox 487 2087 526 2122; x_wconf 91' lang='lat' dir='ltr'>et</span> <span class='ocrx_word' id='word_1_158' title='bbox 558 2088 719 2123; x_wconf 85' lang='lat' dir='ltr'>censeat</span> <span class='ocrx_word' id='word_1_159' title='bbox 750 2083 890 2123; x_wconf 89' lang='lat' dir='ltr'>Alliam</span> <span class='ocrx_word' id='word_1_160' title='bbox 923 2084 1135 2124; x_wconf 88' lang='lat' dir='ltr'>dolendam</span> 
     </span>
    </p>

    <p class='ocr_par' dir='ltr' id='par_1_9' title="bbox 254 2142 1304 2257">
     <span class='ocr_line' id='line_1_34' title="bbox 254 2142 1304 2195; baseline -0.003 -12"><span class='ocrx_word' id='word_1_161' title='bbox 254 2150 324 2183; x_wconf 83' lang='lat'>245</span> <span class='ocrx_word' id='word_1_162' title='bbox 352 2155 396 2183; x_wconf 88' lang='lat' dir='ltr'>ac</span> <span class='ocrx_word' id='word_1_163' title='bbox 429 2142 578 2182; x_wconf 84' lang='lat' dir='ltr'>Brenni</span> <span class='ocrx_word' id='word_1_164' title='bbox 610 2144 652 2182; x_wconf 91' lang='lat' dir='ltr'>in</span> <span class='ocrx_word' id='word_1_165' title='bbox 683 2145 834 2183; x_wconf 87' lang='lat' dir='ltr'>trutina</span> <span class='ocrx_word' id='word_1_166' title='bbox 866 2144 998 2184; x_wconf 90' lang='lat' dir='ltr'>lovem</span> <span class='ocrx_word' id='word_1_167' title='bbox 1030 2143 1304 2195; x_wconf 90' lang='lat' dir='ltr'>redemptum,</span> 
     </span>
     <span class='ocr_line' id='line_1_35' title="bbox 349 2203 1244 2257; baseline 0 -15"><span class='ocrx_word' id='word_1_168' title='bbox 349 2207 564 2256; x_wconf 88' lang='lat' dir='ltr'>postponat</span> <span class='ocrx_word' id='word_1_169' title='bbox 595 2203 782 2243; x_wconf 89' lang='lat' dir='ltr'>Trebiam</span> <span class='ocrx_word' id='word_1_170' title='bbox 814 2216 1035 2257; x_wconf 88' lang='lat' dir='ltr'>gravesque</span> <span class='ocrx_word' id='word_1_171' title='bbox 1068 2203 1244 2256; x_wconf 89' lang='lat' dir='ltr'>Cannas,</span> 
     </span>
    </p>
   </div>
   <div class='ocr_carea' id='block_1_3' title="bbox 131 2340 1510 2438">
    <p class='ocr_par' dir='ltr' id='par_1_10' title="bbox 131 2340 1510 2438">
     <span class='ocr_line' id='line_1_36' title="bbox 227 2340 1510 2390; baseline -0.003 -11"><span class='ocrx_word' id='word_1_172' title='bbox 227 2342 457 2385; x_wconf 62' lang='lat' dir='ltr'>216‚Lesbis</span> <span class='ocrx_word' id='word_1_173' title='bbox 483 2343 744 2389; x_wconf 60' lang='lat' dir='ltr'>Luetjoha‘nm·</span> <span class='ocrx_word' id='word_1_174' title='bbox 775 2343 874 2378; x_wconf 84' lang='lat' dir='ltr'>lesbi</span> <span class='ocrx_word' id='word_1_175' title='bbox 899 2345 1000 2380; x_wconf 78' lang='lat' dir='ltr'>codd.</span> <span class='ocrx_word' id='word_1_176' title='bbox 1022 2346 1035 2390; x_wconf 74' lang='grc' dir='ltr'>ΙΙ</span> <span class='ocrx_word' id='word_1_177' title='bbox 1054 2347 1124 2380; x_wconf 86' lang='grc'>220</span> <span class='ocrx_word' id='word_1_178' title='bbox 1150 2343 1416 2390; x_wconf 75' lang='lat' dir='ltr'>parthenopen</span> <span class='ocrx_word' id='word_1_179' title='bbox 1443 2340 1478 2376; x_wconf 81' lang='lat' dir='ltr'><em>T</em></span> <span class='ocrx_word' id='word_1_180' title='bbox 1499 2340 1510 2388; x_wconf 74' lang='grc' dir='ltr'>Η</span> 
     </span>
     <span class='ocr_line' id='line_1_37' title="bbox 131 2391 1328 2438; baseline -0.001 -11"><span class='ocrx_word' id='word_1_181' title='bbox 131 2394 199 2427; x_wconf 94' lang='grc'>221</span> <span class='ocrx_word' id='word_1_182' title='bbox 226 2392 314 2438; x_wconf 82' lang='lat' dir='ltr'>post</span> <span class='ocrx_word' id='word_1_183' title='bbox 339 2391 415 2428; x_wconf 88' lang='lat' dir='ltr'>Leo</span> <span class='ocrx_word' id='word_1_184' title='bbox 423 2406 437 2437; x_wconf 89' lang='grc'>,·</span> <span class='ocrx_word' id='word_1_185' title='bbox 461 2402 529 2437; x_wconf 85' lang='lat' dir='ltr'>per</span> <span class='ocrx_word' id='word_1_186' title='bbox 556 2392 658 2428; x_wconf 79' lang='lat' dir='ltr'>codd.</span> <span class='ocrx_word' id='word_1_187' title='bbox 680 2393 692 2438; x_wconf 80' lang='grc' dir='ltr'>ΙΙ</span> <span class='ocrx_word' id='word_1_188' title='bbox 711 2395 781 2427; x_wconf 89' lang='grc'>225</span> <span class='ocrx_word' id='word_1_189' title='bbox 808 2404 859 2428; x_wconf 74' lang='lat' dir='ltr'>an</span> <span class='ocrx_word' id='word_1_190' title='bbox 886 2392 1030 2428; x_wconf 78' lang='lat' dir='ltr'>valuit?</span> <span class='ocrx_word' id='word_1_191' title='bbox 1056 2391 1328 2438; x_wconf 43' lang='lat' dir='ltr'>Decet-iohanni}</span> 
     </span>
    </p>
   </div>
  </div>
 </body>
</html>
