1592 2612
136 107 224 151 328
648 102 855 140 CARMEN
880 102 997 140 xxn.

755 249 895 294 XXII.

291 335 520 372 SIDONIUS
546 333 729 371 PONTIO
757 332 975 369 LEONTIO
1003 331 1096 369 SUO
1124 331 1368 370 SALUTEM.
1428 333 1431 336 ’

232 411 269 454 1.
314 413 415 452 Dum
458 412 561 465 apud
604 411 833 451 Narbonem
876 410 1078 464 quondam
1119 407 1308 450 Martium
1353 409 1521 464 dictum,

141 474 210 514 sed
244 486 373 526 nuper
405 473 553 513 factum
585 484 719 512 moras
753 476 889 525 necto,
934 470 1059 511 subiit
1097 471 1275 511 animum
1308 471 1520 523 quospiam

142 534 362 574 secundum
389 528 566 573 amorem
597 538 712 572 tuum
744 532 1000 572 hexametros
1033 532 1276 571 concinnare
1321 530 1385 571 vel
1426 542 1520 571 con-

104 606 120 631 5
142 595 256 648 dere,
298 593 443 647 quibus
485 593 600 634 lectis
646 592 791 645 oppido
835 594 980 646 scires,
1025 593 1103 632 etsi
1141 593 1303 644 utrique
1335 595 1522 632 nostrum

141 655 354 707 disparatis
397 666 523 706 aequo
566 653 793 706 plusculum
834 653 934 693 locis
977 652 1036 692 lar
1076 652 1285 692 familiaris
1317 651 1522 706 incolitur,

142 728 220 755 non
262 715 412 755 idcirco
451 719 533 754 tam
570 714 687 754 nobis
725 715 905 754 animum
944 713 1140 753 dissidere
1181 725 1300 766 quam
1338 713 1521 766 patriam.

141 775 180 816 2.
213 775 336 815 hahes
357 776 479 827 igitur
498 775 563 814 hic
589 774 809 827 Dionysum
836 775 943 814 inter
968 773 1165 826 triumphi
1190 772 1320 813 Indici
1346 772 1520 814 oblecta-

141 842 273 876 menta
317 840 581 890 marcentem,
626 835 750 875 habes
795 839 835 875 et
877 834 1104 888 Phoebum,
1149 846 1270 888 quem
1312 833 1388 874 tibi
1432 835 1522 874 iure

87 909 121 934 ιο
140 898 296 949 poetico
323 896 565 948 inquilinum
591 896 741 936 factum
767 900 924 935 constat
949 908 998 935 ex
1023 895 1202 948 numine,
1227 894 1342 935 illum
1368 894 1525 934 scilicet

142 956 345 996 Phoebum
377 956 566 996 Anthedii
604 958 685 996 mei
722 955 1054 1010 perfamiliarem,
1093 956 1209 995 cuius
1249 954 1418 1007 collegio
1460 955 1524 994 vir

140 1017 366 1069 praefectus
399 1029 480 1057 non
512 1017 630 1056 modo
663 1018 841 1057 musicos
875 1029 1077 1070 quosque,
1109 1027 1251 1056 verum
1282 1016 1404 1055 etiam
1430 1027 1523 1068 geo-

140 1082 310 1131 metras,
347 1077 621 1117 arithmeticos
662 1082 702 1117 et
740 1076 963 1129 astrologos
1002 1076 1231 1117 disserendi
1263 1080 1348 1116 arte
1382 1088 1524 1129 super-

140 1139 266 1191 venit3
308 1138 508 1190 siquidem
549 1137 705 1178 nullum
739 1138 815 1178 hoc
858 1139 1038 1178 exactius
1083 1141 1336 1190 compertum
1373 1136 1523 1176 habere

85 1209 122 1236 15
142 1199 389 1251 censuerim,
423 1198 518 1250 quid
552 1198 684 1238 sidera
716 1198 869 1238 zodiaci
907 1197 1090 1251 obliqua,
1132 1197 1229 1250 quid
1270 1197 1524 1250 planetarum

140 1271 258 1312 vaga,
291 1259 387 1311 quid
421 1260 567 1298 exotici
600 1271 737 1311 sparsa
769 1258 1035 1311 praevaleant.
1087 1257 1126 1300 3.
1158 1269 1254 1298 nam
1285 1260 1340 1298 ita
1371 1257 1449 1311 his,
1474 1261 1523 1297 ut

142 1320 201 1359 sic
228 1319 416 1371 dixerim,
450 1319 642 1358 membris
669 1319 946 1372 philosophiae
974 1318 1116 1373 claret,
1141 1323 1188 1359 ut
1214 1317 1398 1358 videatur
1423 1317 1525 1357 mihi

141 1379 339 1419 lulianum
370 1378 600 1433 Vertacum,
632 1379 860 1420 Fullonium
893 1379 1174 1433 Saturninum,
1216 1380 1260 1419 in
1291 1378 1406 1419 libris
1439 1390 1523 1418 ma-

140 1439 302 1479 theseos
335 1441 603 1491 peritissimos
637 1440 886 1494 conditores,
918 1439 1326 1493 absque'interprete
1359 1439 1524 1491 ingenio

86 1511 122 1538 20
142 1504 297 1539 tantum
331 1500 572 1552 suffragante
601 1500 804 1541 didicisse.
862 1513 936 1541 nos
962 1502 1131 1553 vestigia
1158 1500 1366 1540 doctrinae
1392 1500 1524 1552 ipsius

141 1560 352 1600 adorantes
385 1573 519 1600 coram
551 1573 697 1600 canoro
725 1574 851 1614 cygno
883 1573 1023 1601 ravum
1056 1573 1241 1601 anserem
1273 1560 1523 1613 profitemur.

142 1620 238 1672 quid
270 1625 310 1660 te
343 1620 512 1672 amplius
544 1619 711 1661 moror?
760 1622 938 1674 Burgum
965 1627 1095 1676 tuam,
1128 1633 1206 1674 quo
1233 1622 1321 1661 iure
1349 1621 1525 1661 amicum

141 1680 294 1734 decuit,
335 1692 464 1720 meam
508 1681 602 1734 feci,
646 1682 771 1734 probe
812 1683 944 1722 sciens
982 1682 1046 1722 vel
1082 1683 1294 1722 materiam
1324 1680 1401 1721 tibi
1433 1692 1523 1721 esse

142 1740 398 1795 placituram,
432 1742 590 1781 etiamsi
622 1754 670 1781 ex
705 1742 832 1782 solido
865 1755 1008 1795 poema
1041 1742 1262 1795 displiceat.

518 1893 716 1930 BURGUS
741 1894 912 1930 PONTII
936 1894 1150 1932 LEONTII.

327 1969 499 2010 Bistonii
532 1970 731 2011 stabulum
765 1973 892 2025 regis,
924 1971 1124 2012 Busiridis
1156 1983 1246 2011 aras
1256 2003 1268 2025 ,

266 2030 502 2082 Antiphatae
536 2043 696 2070 mensas
730 2036 770 2071 et
801 2031 970 2072 Taurica
1002 2045 1127 2084 regna
1159 2031 1352 2071 Thoantis

266 2094 385 2142 atque
417 2090 543 2130 Ithaci
574 2092 736 2143 ingenio
769 2091 995 2132 fraudatum
1026 2092 1116 2133 luce
1150 2091 1321 2145 Cyclopa

243 2193 348 2230 XXII
375 2198 395 2229 2
424 2194 527 2240 apud
546 2194 758 2230 narbonam
782 2195 908 2241 GPF,
933 2197 1104 2232 narbone
1131 2196 1233 2242 apud
1254 2196 1289 2232 T
1308 2197 1313 2241 1
1336 2194 1530 2241 quandam

145 2243 192 2289 P,
219 2243 411 2288 quendam
433 2243 467 2278 Τ
483 2244 495 2287 ΙΙ
515 2247 537 2277 4
562 2242 623 2278 vel
650 2243 811 2278 condere
839 2255 906 2279 om.
928 2245 1116 2281 Sirmond.
1136 2246 1149 2291 ΙΙ
1173 2247 1214 2280 10
1242 2243 1391 2280 scilicet·
1409 2254 1478 2280 om.
1502 2242 1534 2279 0

146 2291 158 2339 Η
185 2295 229 2326 15
257 2289 430 2336 obliquet
458 2291 491 2326 T
516 2293 528 2336 ss
559 2294 603 2326 16
631 2292 780 2327 exotica
809 2291 908 2327 0¹01)
932 2294 944 2336 n
975 2297 1019 2329 17
1041 2297 1127 2339 post
1157 2291 1254 2328 mihi
1280 2292 1367 2328 add.
1393 2290 1530 2327 iulium

145 2338 332 2374 firmicum
358 2339 528 2375 Vatican.
550 2342 663 2385 3421,
687 2340 771 2384 fort.
788 2344 881 2376 recte
901 2342 912 2386 ΙΙ
934 2344 977 2376 18
997 2340 1200 2377 follonium
1220 2341 1323 2377 codd.
1343 2343 1356 2386 ΙΙ
1375 2344 1423 2376 20
1442 2340 1530 2375 doc-

145 2387 272 2424 trinae
299 2399 366 2424 om.
391 2387 422 2423 Ο
444 2388 457 2433 ss
489 2386 636 2424 BURG.
665 2392 684 2423 3
713 2387 881 2433 Cyclopa
907 2388 983 2425 Leo
991 2404 1004 2434 ;
1030 2389 1229 2435 cyclopam
1255 2389 1371 2434 codd„
1397 2386 1530 2434 Cyclo-
