1592 2612
138 165 198 210 54
626 160 774 198 LIBER
800 159 1023 196 TERTIUS.

137 266 310 308 biendus
342 266 497 306 affectu.
561 264 659 304 deus
685 263 802 317 bone,
836 262 941 315 quod
969 262 1159 315 gaudium
1186 261 1262 301 fuit
1288 259 1516 314 laboriosis,

139 340 231 368 cum
256 332 300 367 tu
321 331 502 367 sanctum
527 325 671 378 pedem
699 325 904 364 semirutis
931 322 1144 363 moenibus
1170 320 1361 362 intulisti!
1395 333 1516 375 quam

137 393 182 428 tu
223 387 271 427 ab
314 389 423 427 omni
462 385 601 426 ordine
642 397 742 425 sexu
779 388 907 424 aetate
948 384 1234 436 stipatissimus
1267 380 1516 423 ambiebare!

139 460 240 501 quae
273 447 367 488 salsi
399 459 492 499 erga
525 445 703 498 singulos
732 445 835 485 libra
862 443 1078 484 sermonis!
1113 455 1232 496 quam
1258 448 1299 484 te
1324 442 1518 484 blandum

101 519 119 546 5
138 510 266 563 pueri,
299 520 453 548 comem
482 508 659 560 iuvenes,
691 518 854 558 gravem
880 518 998 545 senes
1025 502 1314 545 metiebantur!
1347 516 1446 557 quas
1472 508 1518 545 tu

138 568 323 609 lacrimas
354 573 399 608 ut
429 580 576 620 parens
609 568 788 607 omnium
821 579 943 619 super
969 565 1088 606 aedes
1115 564 1302 605 incendio
1328 570 1517 618 prorutas

138 633 178 669 et
210 627 409 668 domicilia
442 629 631 668 semiusta
659 625 816 667 fudisti!
850 631 1044 679 quantum
1071 625 1236 666 doluisti
1263 637 1425 679 campos
1453 638 1516 666 se-

136 688 269 742 pultos
308 688 468 729 ossibus
507 686 738 741 insepultis!
785 700 886 740 quae
925 692 993 727 tua
1038 687 1230 739 deinceps
1275 686 1516 741 exhortatio,

139 762 238 802 quae
271 750 565 802 reparationem
600 748 805 788 suadentis
844 746 1095 788 animositas!
1160 745 1199 787 2.
1232 746 1296 787 his
1330 747 1515 801 adicitur,

82 823 117 848 10
137 809 255 864 quod,
288 822 379 849 cum
404 810 607 849 inveneris
637 810 839 849 civitatem
872 821 953 849 non
984 810 1119 848 minus
1153 808 1278 848 civica
1311 807 1516 848 simultate

136 883 253 922 quam
285 869 494 910 barbarica
526 871 756 910 incursione
790 875 1009 923 vacuatam,
1041 881 1182 922 pacem
1209 867 1398 909 omnibus
1426 880 1517 909 sua-

136 930 235 970 dens
274 931 481 970 caritatem
519 929 618 984 illis,
662 929 751 970 illos
790 931 943 982 patriae
977 929 1200 969 reddidisti.
1265 928 1412 982 quibus
1444 934 1514 970 tuo

134 992 290 1030 monitu
334 1002 415 1030 non
458 992 592 1030 minus
635 991 677 1030 in
720 1003 846 1030 unum
892 989 1106 1030 consilium
1151 1002 1272 1042 quam
1309 991 1352 1029 in
1390 1002 1517 1030 unum

137 1051 328 1103 oppidum
360 1049 657 1090 revertentibus
689 1052 796 1090 muri
827 1049 902 1090 tibi
935 1050 1083 1090 debent
1108 1049 1269 1102 plebem
1295 1050 1517 1104 reductam,

83 1123 118 1150 15
136 1110 250 1163 plebs
295 1110 459 1150 reducta
498 1110 764 1150 concordiam.
828 1112 1017 1163 quocirca
1056 1112 1153 1150 satis
1191 1115 1230 1150 te
1269 1111 1345 1150 toti
1386 1123 1517 1164 suum,

138 1172 234 1211 satis
269 1183 311 1210 se
343 1172 417 1210 toti
448 1176 539 1210 tuos
572 1172 801 1224 aestimant3
840 1176 898 1224 et,
931 1183 1032 1223 quae
1072 1170 1198 1223 gloria
1235 1175 1304 1210 tua
1342 1173 1516 1211 maxima

137 1235 216 1285 est,
260 1232 425 1270 minime
470 1230 673 1271 falluntur.
749 1229 788 1271 3.
835 1230 1071 1271 obversatur
1116 1232 1266 1271 etenim
1310 1244 1384 1284 per
1429 1231 1516 1272 dies

137 1290 340 1331 mentibus
373 1290 634 1344 singulorum,
674 1291 781 1344 quod
812 1304 985 1344 persona
1022 1296 1149 1332 aetate
1182 1293 1313 1344 gravis
1346 1292 1515 1332 infirmi-

138 1355 218 1391 tate
251 1351 416 1405 fragilis,
448 1351 656 1391 nobilitate
687 1350 871 1392 sublimis
898 1351 1092 1404 religione
1119 1351 1361 1392 venerabilis
1391 1352 1516 1393 solius

83 1424 118 1451 20
138 1411 364 1451 dilectionis
397 1410 564 1451 obtentu
596 1411 794 1465 abrupisti
825 1417 884 1452 tot
915 1412 1117 1466 repagula,
1149 1417 1208 1453 tot
1241 1412 1418 1453 obiectas
1450 1426 1517 1454 ve-

137 1471 277 1511 niendi
309 1471 577 1526 difficultates,
616 1473 808 1513 itinerum
840 1472 1027 1513 videlicet
1058 1472 1352 1526 longitudinem
1383 1473 1516 1514 brevi-

137 1536 259 1571 tatem
292 1532 461 1586 dierum,
492 1533 646 1572 nivium
679 1534 835 1586 copiam
860 1534 1073 1586 penuriam
1098 1533 1350 1588 pabulorum,
1382 1534 1516 1575 latitu-

137 1591 252 1632 dines
285 1591 546 1632 solitudinum
578 1595 782 1646 angustias
813 1595 1080 1648 mansionum,
1118 1596 1273 1634 viarum
1305 1597 1517 1648 voragines

138 1657 206 1692 aut
242 1664 381 1692 umore
419 1652 610 1693 imbrium
648 1658 787 1706 putres
826 1659 894 1694 aut
932 1655 1128 1706 frigorum
1167 1656 1348 1695 siccitate
1386 1655 1516 1696 trihu-

84 1724 119 1751 25
139 1712 255 1766 losas,
294 1713 342 1752 ad
373 1713 449 1753 hoc
489 1718 557 1753 aut
589 1726 754 1766 aggeres
788 1716 893 1754 saxis
933 1727 1098 1768 asperos
1138 1720 1205 1755 aut
1242 1715 1386 1756 fluvios
1425 1715 1518 1769 gelu

137 1772 314 1812 lubricos
347 1778 415 1813 aut
446 1773 567 1813 colles
607 1787 777 1815 ascensu
810 1774 1038 1815 salebrosos
1071 1780 1140 1815 aut
1174 1775 1296 1816 valles
1330 1776 1517 1829 lapsuum

138 1833 371 1873 assiduitate
404 1833 584 1888 derasas3
616 1847 690 1887 per
722 1847 822 1887 quae
857 1837 990 1875 omnia
1016 1836 1282 1890 incommoda,
1315 1838 1408 1889 quia
1434 1849 1517 1877 non

137 1894 335 1945 privatum
368 1893 622 1934 commodum
654 1895 901 1948 requirebaS,
940 1908 1117 1936 amorem
1149 1895 1357 1949 publicum
1389 1902 1516 1938 rettu-

138 1952 231 1993 listi.
294 1952 333 1994 4.
368 1954 475 2006 quod
506 1958 642 2008 restat,
681 1955 802 1995 deum
833 1968 1059 2010 precamur,
1091 1961 1136 1996 ut
1174 1958 1261 1996 aevi
1299 1959 1420 1998 metis
1454 1971 1516 1998 se-

85 2026 120 2052 30
141 2013 317 2053 cundum
354 2019 444 2053 vota
482 2016 678 2067 promotis
715 2015 914 2056 bonorum
953 2018 1151 2056 amicitias
1183 2016 1419 2058 indefessim
1451 2031 1519 2058 ex-

139 2078 252 2126 petas
273 2075 406 2127 capias
427 2074 579 2114 referas
601 2080 871 2129 sequaturque
898 2081 937 2116 te
965 2077 1135 2131 affectio,
1162 2089 1282 2130 quam
1307 2077 1518 2133 relinquis,

141 2139 181 2173 et
212 2135 391 2174 initiatae
424 2146 497 2186 per
534 2139 574 2174 te
606 2134 850 2188 ubicumque
890 2138 1040 2189 gratiae
1073 2136 1237 2190 longum
1275 2137 1350 2178 tibi
1381 2139 1517 2179 redhi-

138 2193 309 2234 beantur
342 2207 459 2247 quam
493 2194 750 2236 fundamenta
782 2202 864 2236 tam
897 2197 1080 2238 culmina.
1141 2197 1238 2238 vale.

137 2344 244 2381 bitus
270 2346 313 2381 in
342 2357 456 2393 mam.
485 2347 572 2383 add.
595 2346 669 2391 M1,
695 2346 862 2383 ambitus
891 2349 932 2393 T,
971 2349 1033 2385 vel
1065 2350 1290 2386 ambitiosus
1321 2362 1349 2388 s.
1378 2352 1400 2388 l.
1428 2353 1517 2390 add.

137 2393 191 2429 ,Τ2
222 2395 234 2440 [Ι
269 2397 312 2429 15
340 2394 433 2429 satis
459 2395 498 2430 te
524 2394 598 2430 toti
632 2406 740 2430 suum
771 2407 838 2432 om.
870 2396 901 2433 G
926 2399 938 2442 ΙΙ
970 2401 1016 2433 27
1043 2398 1215 2446 derasas]
1242 2410 1294 2435 an
1318 2401 1519 2445 petz-osas?

126 2441 340 2478 *ruderatas
367 2442 608 2489 Luetjohann
633 2445 675 2479 in
700 2444 802 2489 adn„
828 2444 1023 2481 taediosas
1057 2447 1335 2493 Wilamowitzfl
