1592 2612
139 165 199 209 38
605 163 754 200 LIBER
781 161 1050 199 SECUNDUS.

138 267 275 321 fundo,
307 271 352 307 ut
383 266 609 320 perspectis
642 264 836 306 chartulis
867 266 964 319 suis,
998 265 1033 304 si
1066 263 1162 317 quid
1195 264 1284 304 iure
1317 264 1524 318 competit,

137 329 366 381 instruatis,
406 339 506 380 quae
541 325 760 379 qualiterve
794 326 875 366 sint
907 324 1136 379 obicienda,
1169 336 1270 378 quae
1303 322 1524 365 refellenda

137 392 420 428 monstrantes.
490 399 571 427 non
615 387 723 427 enim
769 385 1017 440 verebimur,
1062 385 1169 438 quod
1215 397 1359 426 causae
1403 385 1523 425 istius

139 461 301 502 cursuS,
336 450 371 488 si
404 448 451 487 de
484 449 609 487 vestri
642 448 863 487 manaverit
895 446 1004 486 fonte
1038 444 1216 500 consilii,
1251 445 1332 486 ulla
1365 449 1523 486 contra-

102 521 121 548 5
142 514 318 550 stantum
350 508 595 548 derivatione
628 512 830 548 tenuetur.
876 506 973 547 vale.

790 661 866 705 VI.

402 744 626 781 SIDONIUS
652 743 862 781 PEGASIO
891 743 983 781 SUO
1011 743 1254 781 SALUTEM.

234 820 268 862 1.
310 821 618 862 Proverbialiter
662 821 820 862 celebre
859 826 922 862 est
960 834 1079 875 saepe
1118 834 1273 862 moram
1312 834 1402 863 esse
1435 834 1519 863 me-

138 883 292 936 liorem,
325 884 443 922 sicuti
469 888 508 922 et
532 895 638 922 nunc
666 884 823 935 experti
849 895 1000 923 sumus.
1051 881 1337 923 Menstruanus
1364 884 1519 924 amicus

137 948 231 983 tuus
270 942 387 996 longo
426 944 517 983 istic
548 948 729 996 tempore
762 944 969 996 inspectus
1002 944 1151 983 meruit
1183 944 1291 983 inter
1322 956 1518 996 personas

84 1016 120 1044 ιο
137 1003 254 1043 nobis
275 1016 434 1056 quoque
455 1016 567 1043 caras
588 1003 872 1056 devinctasque
894 1005 1064 1058 censeri,
1091 1008 1316 1057 oportunus
1343 1003 1519 1059 elegans,

137 1063 389 1104 verecundus
413 1063 585 1117 sobrius,
610 1076 756 1116 parcus
776 1064 990 1117 religiosus
1011 1069 1052 1104 et
1076 1063 1140 1104 his
1166 1076 1327 1104 morum
1353 1063 1516 1105 dotibus

137 1124 355 1178 praeditus,
386 1129 442 1178 ut,
474 1125 659 1177 quotiens
686 1126 728 1164 in
752 1124 850 1165 boni
877 1126 1072 1178 cuiusque
1099 1124 1279 1165 adscitur
1305 1126 1517 1180 amicitias,

136 1197 219 1225 non
238 1184 407 1238 amplius
429 1190 698 1237 consequatur
716 1184 905 1226 beneficii
924 1187 1011 1238 ipse
1033 1197 1153 1238 quam
1170 1185 1334 1226 tribuat.
1361 1184 1401 1227 2.
1416 1185 1519 1226 haec

137 1245 212 1285 tibi
249 1257 330 1285 non
373 1249 418 1285 ut
455 1246 672 1299 ignoranti,
717 1246 787 1286 sed
826 1250 871 1286 ut
909 1246 1060 1286 iudicio
1100 1258 1191 1286 meo
1232 1245 1520 1301 satisfacerem,

85 1321 119 1347 15
140 1307 295 1358 scripsi.
354 1318 471 1358 quam
505 1305 554 1345 ob
587 1318 673 1346 rem
705 1306 851 1359 triplex
885 1318 1004 1347 causa
1036 1306 1228 1346 laetandi:
1268 1306 1344 1347 tibi
1374 1308 1520 1362 prima,

139 1367 205 1406 cui
231 1367 380 1406 amicos
407 1367 464 1405 sic
492 1370 559 1406 aut
584 1367 795 1407 instituere
819 1371 887 1407 aut
913 1366 1063 1419 eligere
1085 1367 1299 1421 contingit3
1325 1367 1519 1408 Arvernis

139 1426 333 1480 secunda,
373 1425 518 1478 quibus
556 1426 631 1466 hoc
669 1428 711 1466 in
750 1440 797 1467 eo
836 1427 1037 1480 placuisse
1077 1427 1289 1482 confirmo,
1332 1427 1439 1481 quod
1478 1432 1518 1469 te

137 1486 329 1539 probasse
362 1499 442 1526 non
475 1486 649 1541 ambig03
682 1487 739 1527 illi
765 1489 896 1542 tertia,
930 1488 978 1528 de
1006 1501 1084 1541 quo
1111 1487 1209 1528 boni
1235 1489 1385 1542 quique
1411 1488 1517 1529 bona

141 1559 322 1600 quaeque
356 1546 643 1587 iudicaverunt.
695 1547 791 1588 vale.

779 1701 878 1745 VII.

84 1803 120 1829 20
393 1782 619 1819 ememus
645 1783 870 1820 EXPLicio
897 1784 989 1820 suo
1017 1783 1261 1821 SALUTEM.

233 1856 270 1899 1.
297 1858 398 1906 Quia
423 1860 577 1899 iustitia
603 1864 735 1899 vestra
762 1861 849 1900 iure
877 1861 921 1900 fit
946 1862 1201 1901 universitati
1226 1874 1300 1914 per
1326 1861 1520 1915 conplura

140 1920 242 1959 recti
286 1920 561 1972 experimenta
605 1919 866 1974 venerabilis,
917 1920 1068 1961 idcirco
1115 1921 1293 1974 singulas
1339 1934 1518 1976 quasque

139 1991 333 2032 personas
366 1979 406 2019 id
439 1981 572 2032 ipsum
605 1980 868 2033 efflagitantes
900 1982 942 2021 in
976 1993 1144 2021 examen
1175 1987 1357 2022 vestrum
1388 1982 1519 2024 libens

141 2044 181 2079 et
213 2040 351 2080 avidus
385 2042 537 2094 emitto,
570 2053 689 2093 quam
721 2042 897 2093 primum
929 2041 1110 2082 ambiens
1142 2054 1208 2082 me
1241 2042 1520 2097 discussionis,

87 2115 123 2142 25
144 2099 232 2139 illos
266 2100 481 2140 simultatis
514 2113 636 2141 onere
669 2100 812 2156 laxari3
846 2101 952 2154 quod
979 2102 1141 2142 demum
1167 2104 1223 2142 ita
1250 2107 1454 2158 sequetur,
1487 2105 1522 2144 si

140 2172 222 2200 non
255 2173 303 2200 ex
336 2160 462 2200 solido
497 2163 768 2214 querimonias
800 2163 976 2214 partium
1002 2163 1254 2203 verecundus
1282 2175 1427 2204 censor
1453 2176 1521 2204 ex-

141 2219 296 2275 cludas,
336 2233 578 2274 quamquam
616 2226 656 2262 et
694 2222 770 2262 hoc
808 2223 960 2276 ipsum,
999 2223 1105 2275 quod
1145 2225 1302 2276 copiam
1339 2225 1399 2264 tui
1437 2226 1520 2265 iur-

238 2352 260 2384 8
286 2348 431 2384 amicus
457 2350 545 2385 tuus
572 2360 639 2387 om.
662 2350 751 2395 LT,
775 2361 802 2386 s.
832 2350 854 2386 l.
883 2351 968 2387 add.
992 2351 1041 2386 T2
1069 2352 1082 2397 1]
1116 2354 1159 2386 12
1188 2351 1360 2387 adscitur
1385 2352 1519 2399 LNT,

141 2397 285 2432 ascitur
311 2396 365 2443 Μ
401 2397 627 2433 adsciscitur
657 2397 689 2435 0
703 2400 714 2445 ΙΙ
737 2401 780 2434 13
806 2397 944 2434 tribuit
973 2399 1004 2436 O
1017 2401 1030 2446 ΙΙ
1052 2403 1095 2435 18
1122 2399 1182 2435 illi
1206 2399 1325 2436 tertia
1351 2412 1419 2438 om.
1447 2401 1521 2449 ΕΗ

142 2447 189 2482 25
218 2445 390 2491 sequitur
415 2446 481 2493 1211
