1592 2612
164 124 251 167 268
713 120 919 157 OARMEN
944 119 989 157 v.

284 237 365 264 non
396 235 595 277 pugnasse
627 222 750 263 labor.
812 223 984 262 terimus
1017 233 1090 278 cur
1120 225 1303 274 tempora
1334 217 1499 275 verbis?

284 286 467 338 pervenit
499 288 538 324 et
569 280 720 323 vincit.'
782 283 854 323 tali
887 294 1072 322 sermone
1105 285 1315 335 peractum

285 344 511 398 concilium,
543 343 756 396 verbisque
790 343 887 383 deae
919 342 1136 383 famulante
1167 339 1330 382 metallo

286 418 405 445 aurea
436 404 656 444 concordes
688 408 899 444 traxerunt
930 403 995 443 fila
1028 415 1201 443 sorores.

188 475 258 507 370
344 465 426 505 Hos
457 477 534 519 me,
568 477 667 517 quos
701 466 843 519 cecini,
875 463 1025 504 Romae
1056 463 1285 516 Libyaeque
1317 461 1477 502 labores

284 530 372 565 vota
404 525 612 565 hominum
645 525 818 565 docuere
851 524 980 579 loqui3
1012 526 1093 565 iam
1123 528 1285 576 tempus
1317 522 1367 563 ad
1397 522 1465 563 illa

285 586 391 626 ferre
424 586 579 638 pedem,
613 598 714 638 quae
747 585 864 625 fanda
896 585 997 625 mihi
1029 585 1092 624 vel
1124 583 1306 637 Apolline
1337 587 1469 624 muto:

284 659 358 698 pro
390 646 515 686 Musis
546 645 651 686 Mars
684 650 818 686 vester
849 648 938 686 erit.
1003 645 1293 686 conscenderat
1323 643 1444 697 Alpes

285 705 582 759 Raetorumque
615 708 708 759 iugo
740 719 814 759 per
845 706 963 759 longa
996 706 1157 746 silentia
1189 705 1333 746 duc-tus

192 775 260 808 375
288 766 465 806 Romano
498 768 650 807 exierat
681 767 870 820 populato
902 772 996 807 trux
1027 766 1271 807 Alamannus

285 839 438 880 perque
472 827 570 867 Cani
604 828 804 880 quondam
837 828 966 868 dictos
999 827 1048 867 de
1081 828 1244 867 nomine
1277 838 1440 879 campos

283 889 326 927 in
357 887 547 940 praedam
580 892 741 928 centum
773 890 912 928 novies
945 888 1155 928 dimiserat
1185 887 1335 927 hostes.

283 949 442 1000 iamque
475 950 668 1000 magister
700 961 808 989 eras:
841 948 1068 989 Burconem
1101 948 1243 1000 dirigis
1276 946 1344 987 illo

285 1010 427 1061 exigua
461 1010 675 1049 comitante
707 1021 840 1050 manu.
906 1009 976 1049 sed
1010 1009 1160 1049 sufficit
1191 1007 1312 1062 istud,

189 1076 257 1109 380
285 1081 377 1108 cum
409 1081 587 1121 pugnare
621 1069 755 1124 iubes3
788 1075 897 1110 certa
930 1074 991 1110 est
1022 1070 1190 1110 victoria
1221 1069 1373 1108 nostris

283 1134 324 1168 te
355 1129 566 1169 mandasse
599 1131 724 1184 acies3
757 1132 915 1183 peragit
946 1131 1106 1170 fortuna
1136 1129 1388 1182 triumphum

284 1202 366 1229 non
398 1190 558 1243 populo,
592 1191 661 1230 sed
695 1204 830 1231 amore
863 1196 951 1246 tu03
983 1190 1075 1230 nolo
1109 1191 1268 1242 agmina
1300 1201 1454 1243 campe,

286 1262 364 1302 quo
397 1251 523 1290 mittis
556 1263 715 1302 paucos.
779 1251 875 1292 felix
907 1257 947 1292 te
980 1252 1148 1304 respicit
1179 1252 1255 1290 iste

286 1314 451 1350 eventus
484 1309 589 1350 belli.
654 1316 851 1352 certatum
885 1316 947 1352 est
978 1313 1066 1352 iure
1098 1312 1296 1366 magistri,

190 1377 259 1410 385
286 1370 455 1422 Augusti
487 1371 565 1411 fato
599 1385 746 1425 nuper:
779 1378 871 1425 post
902 1372 1031 1412 hostis
1064 1376 1202 1425 aperto

286 1430 444 1470 errabat
475 1430 607 1471 lentus
639 1432 793 1487 pelago,
827 1437 1042 1486 postquam
1075 1432 1216 1472 ordine
1249 1431 1363 1472 vobis

285 1491 382 1530 ordo
416 1493 546 1531 omnis
578 1505 748 1545 regnum
781 1493 959 1547 dederat,
990 1493 1118 1547 plebs,
1151 1493 1275 1546 curia,
1306 1491 1437 1546 miles,

286 1556 325 1591 et
358 1551 508 1604 collega
542 1553 672 1593 simul.
737 1553 979 1607 Campanam
1011 1553 1201 1594 flantibus
1233 1553 1392 1593 Austris

283 1612 515 1664 ingrediens
548 1618 699 1653 terram
732 1627 921 1655 securum
953 1614 1081 1654 milite
1113 1613 1251 1654 Mauro

188 1680 258 1712 390
284 1672 498 1724 agricolam
531 1674 780 1729 aggreditur,
812 1677 974 1727 pinguis
1006 1687 1081 1728 per
1110 1679 1288 1714 transtra
1321 1672 1486 1714 sedebat

284 1731 482 1772 Vandalus
516 1735 731 1786 opperiens
764 1736 966 1790 praedam,
1000 1748 1120 1788 quam
1152 1736 1327 1774 iusserat
1357 1733 1453 1774 illuc

287 1794 441 1844 captivo
475 1795 658 1846 capiente
690 1795 807 1835 trahi.
872 1796 943 1836 sed
975 1800 1109 1836 vestra
1141 1799 1308 1848 repente

285 1854 391 1892 inter
421 1858 637 1906 utrumque
670 1854 827 1895 hostem
860 1856 1055 1896 dederant
1087 1868 1177 1896 sese
1210 1856 1369 1908 agmina
1400 1853 1545 1909 planis,

286 1925 387 1965 quae
420 1912 585 1965 pelagus
618 1914 840 1968 collemque
874 1921 1012 1956 secant
1042 1920 1286 1969 portumque
1317 1914 1483 1955 reducto

195 1980 263 2014 395
292 1973 473 2012 efficiunt
504 1973 611 2013 flexu
643 1974 765 2015 fluvii.
828 1978 1044 2028 perterrita
1076 1978 1254 2029 primum

284 2036 442 2072 montes
474 2033 591 2073 turba
623 2036 736 2088 petit,
768 2036 951 2077 trabibus
985 2050 1086 2090 quae
1120 2036 1254 2077 clausa
1286 2035 1440 2076 relictis

284 2092 454 2146 praedae
486 2094 634 2151 praeda
666 2095 757 2149 suit3
789 2100 876 2136 tum
909 2099 1091 2137 concitus
1124 2098 1281 2149 agmine
1314 2100 1397 2136 toto

261 2211 331 2244 368
352 2208 571 2257 concilium]
592 2209 795 2245 concilium
815 2214 873 2247 est
895 2213 973 2248 OF
988 2215 1000 2258 ss
1020 2217 1089 2249 372
1110 2213 1234 2260 muto]
1259 2212 1322 2249 vel
1340 2211 1445 2248 nullo
1469 2210 1542 2256 Tb;

165 2257 212 2302 cf.
224 2256 396 2293 Martial.
408 2258 467 2303 II,
477 2261 540 2302 89,
552 2262 574 2294 3
595 2258 765 2294 carmina
785 2260 886 2304 quod
900 2260 1035 2297 scribis
1051 2260 1169 2297 Musis
1190 2262 1230 2297 et
1241 2259 1420 2306 Apolline
1439 2259 1546 2296 nullo

161 2304 263 2358 11‘376
284 2304 390 2340 canis
404 2306 644 2353 Lindenbroy
662 2307 674 2353 n
694 2310 763 2342 378
784 2307 877 2343 illuc
896 2309 947 2344 M
949 2314 976 2354 ὃ,
997 2310 1087 2346 illoc
1108 2310 1158 2346 M
1162 2309 1178 2332 ¹³
1199 2311 1211 2356 ss
1231 2313 1301 2345 386
1320 2308 1542 2355 postquam]

163 2353 284 2448 sunzul'¹
305 2353 335 2389 C
350 2355 361 2400 11
382 2357 450 2389 391
477 2353 558 2390 illie
584 2355 631 2390 M
639 2354 733 2391 01³³
752 2357 764 2402 ss
784 2359 853 2392 396
879 2357 1036 2393 radibus
1063 2359 1103 2405 (i.
1130 2370 1158 2396 e.
1185 2357 1349 2404 ratibus)
1373 2357 1431 2402 M,
1454 2357 1541 2402 fort.

159 2412 219 2438 rec
235 2413 252 2438 e
