1592 2612
340 107 568 148 SIDONIUS
595 109 836 155 AQUILINO
864 109 957 147 SUO
985 109 1230 148 SALUTEM.
1393 109 1480 153 113

16 226 21 232 ·
91 226 213 255 versu
257 212 427 267 gemello
473 212 615 254 consul
655 211 847 253 Ablabius
891 211 955 252 vel
996 211 1264 252 momordisse
1306 211 1480 253 disticho

91 273 164 315 tali
194 273 298 315 clam
328 273 520 314 Palatinis
554 273 709 314 foribus
741 285 938 326 appenso:

277 355 497 399 ‘Saturni
528 370 675 399 aurea
709 357 870 398 saecla
903 359 1013 411 quis
1045 355 1298 410 requirat?

277 423 391 459 sunt
422 418 540 459 haec
574 431 804 474 gemmea,
838 418 921 459 sed
954 416 1267 473 Neroniana'3

93 505 190 557 quia
227 503 382 545 scilicet
418 503 651 557 praedictus
689 503 893 557 Augustus
932 503 1063 544 isdem
1104 503 1189 544 fere
1228 502 1482 556 temporibus
1521 516 1539 542 ⁵

94 566 320 605 extinxerat
352 565 566 618 coniugem
584 563 774 605 Faustam
800 564 932 605 calore
958 563 1105 617 balnei,
1138 563 1267 604 filium
1294 563 1483 617 Crispum

94 625 244 678 frigore
276 627 434 666 veneni.
499 623 538 666 3.
571 630 616 665 tu
648 630 784 666 tamen
809 624 936 665 nihilo
965 626 1129 678 segnius
1157 636 1322 677 operam
1349 624 1483 665 saltim

94 686 236 726 facetis
270 687 485 726 satirarum
518 685 722 726 coloribus
762 685 991 739 intrepidus
1024 685 1225 739 impende,
1288 697 1383 726 nam
1414 690 1483 726 tua

95 748 247 800 scripta
297 751 532 787 nostrorum
575 747 685 786 vitiis
734 746 1043 800 proficientibus
1093 745 1483 799 tyrannopolitarum

94 806 460 860 locupletabuntur.
524 819 607 847 non
642 808 752 847 enim
789 812 872 848 tam
910 807 1170 847 mediocriter
1208 808 1485 847 intumescunt
1504 821 1540 847 ιο

96 880 198 921 quos
231 873 369 908 nostra
402 867 552 908 iudicia
585 867 744 908 saecula
775 867 862 908 loca
899 868 1124 908 fortunatos
1157 871 1319 922 putant,
1357 871 1401 907 ut
1434 867 1483 907 de

94 927 328 969 nominibus
360 929 542 982 ipsorum
575 928 816 982 quandoque
849 928 1161 969 reminiscendis
1189 929 1241 968 sit
1266 929 1484 981 posteritas

95 988 342 1030 laboratura:
374 1001 549 1042 namque
575 989 855 1042 improborum
874 988 1024 1042 probra
1050 1001 1178 1042 aeque
1198 993 1242 1029 ut
1267 989 1484 1042 praeconia

94 1049 295 1090 bonorum
326 1049 555 1090 inmortalia
586 1054 761 1090 manent.
824 1049 922 1090 vale.

750 1203 826 1247 IX.

346 1287 576 1324 SIDONIUS
602 1287 841 1332 AQUILINO
869 1286 961 1324 SUO
989 1286 1234 1324 SALUTEM.
1506 1297 1542 1325 15

191 1364 228 1406 1.
260 1364 307 1405 In
331 1377 422 1405 meo
449 1378 541 1406 aere
569 1365 685 1420 duco,
711 1366 772 1405 vir
793 1366 974 1405 omnium
994 1366 1189 1405 virtutum
1208 1366 1485 1419 capacissime,

98 1427 134 1465 si
167 1425 334 1478 dignum
359 1430 405 1465 tu
432 1438 593 1478 quoque
619 1431 749 1479 putas,
781 1431 838 1479 ut,
871 1430 1039 1479 quantas
1066 1425 1262 1466 habemus
1289 1427 1484 1466 amicitia-

48 1522 50 1524 ,
98 1498 190 1526 rum
222 1498 382 1540 causaS,
420 1490 551 1526 tantas
589 1486 809 1526 habeamus
842 1488 922 1539 ipsi
960 1487 1170 1526 amicitias.
1234 1487 1384 1526 avitum
1424 1492 1486 1526 est

99 1546 205 1599 quod
251 1558 438 1600 reposc03
482 1551 608 1586 testes
652 1546 753 1586 mihi
794 1547 837 1586 in
881 1547 1205 1599 praesentiarum
1250 1548 1313 1586 avi
1354 1549 1485 1587 nostri

99 1619 223 1660 super
267 1606 343 1646 hoc
387 1607 548 1659 negotio
581 1606 822 1659 Apollinaris
862 1611 903 1646 et
933 1606 1125 1646 Rusticus
1171 1606 1484 1661 advocabuntur,
1504 1620 1541 1646 20

99 1679 200 1720 quos
232 1666 423 1707 laudabili
454 1665 724 1707 familiaritate
757 1667 1023 1707 coniunxerat
1053 1666 1281 1707 litterarum
1313 1667 1485 1720 dignita-

98 1734 198 1781 tum,
235 1727 510 1781 periculorum
542 1729 882 1770 conscientiarum
916 1726 1149 1781 similitudo,
1183 1739 1275 1767 cum
1308 1729 1351 1767 in
1384 1727 1486 1768 Con-

100 1789 276 1828 stantino
309 1789 638 1843 inconstantiam,
676 1789 719 1828 in
756 1787 893 1828 Iovino
932 1787 1178 1841 facilitatem,
1216 1788 1259 1827 in
1292 1787 1485 1828 Gerontio

100 1848 324 1903 perfidiam,
363 1848 520 1902 singula
553 1850 595 1889 in
629 1848 818 1903 singulis,
857 1849 991 1888 omnia
1023 1849 1065 1887 in
1097 1847 1281 1888 Dardano
1315 1849 1486 1888 crimina

100 1908 223 1950 simul
255 1914 553 1950 execrarentur.
617 1908 655 1950 2.
690 1914 832 1963 aetate,
865 1921 966 1962 quae
998 1908 1150 1962 media,
1188 1913 1323 1962 patres
1357 1910 1487 1949 nostri
1508 1921 1545 1947 25

103 1969 177 2010 sub
209 1982 290 2010 uno
323 1969 606 2024 contubernio,
643 1970 807 2010 vixdum
841 1982 862 2009 a
894 1970 1067 2022 pueritia
1106 1971 1149 2009 in
1186 1974 1312 2009 totam
1351 1968 1486 2009 adule-

102 2031 298 2070 scentiam
330 2031 476 2084 evecti,
513 2032 690 2084 principi
721 2030 900 2071 Honorio
932 2029 1088 2070 tribuni
1119 2031 1348 2082 notariique
1380 2029 1487 2070 mili-

100 2087 236 2130 tavere
268 2094 378 2130 tanta
417 2091 582 2131 caritate
621 2093 944 2145 peregrinantes,
983 2095 1028 2131 ut
1066 2092 1173 2130 inter
1212 2102 1281 2130 eos
1320 2091 1486 2131 minima

203 2211 222 2242 1
250 2205 436 2242 Ablabius
477 2206 741 2253 Wilamowitz‚
780 2206 956 2243 ablavius
989 2207 1093 2244 codd.
1132 2209 1144 2253 {l
1183 2209 1203 2242 5
1236 2206 1386 2242 hisdem
1416 2206 1448 2243 0
1477 2207 1489 2254 Η

106 2260 126 2292 6
154 2254 356 2302 coniugem
375 2267 443 2292 om.
467 2255 499 2292 O
513 2256 524 2301 ΙΙ
545 2260 566 2291 9
592 2255 968 2302 tyrannopolitarum
989 2255 1034 2301 L,
1062 2254 1489 2301 tyrannopolitanorum

104 2303 174 2346 (vel
199 2302 277 2351 tir.)
309 2306 372 2350 (no
399 2315 427 2340 s,
455 2304 477 2340 l.
505 2305 591 2341 add.
619 2304 949 2350 N¹M¹)NMT(J
969 2306 980 2350 ΙΙ
1008 2307 1051 2338 11
1081 2303 1223 2339 saeculi
1249 2303 1285 2339 L
1310 2308 1344 2340 et
1377 2306 1487 2349 (corr.

104 2353 147 2388 in
174 2351 327 2388 saecula
352 2352 398 2389 N
400 2352 482 2397 ¹)N
498 2353 503 2397 Ι
527 2351 672 2388 saeculi
698 2352 812 2399 culpa
834 2353 911 2389 Leo
931 2354 942 2399 ΙΙ
963 2355 1008 2388 25
1037 2353 1164 2387 aetate
1191 2362 1289 2397 quae
1309 2351 1358 2398 L,
1384 2353 1490 2388 aeta-

105 2400 220 2445 teque
247 2403 334 2447 (que
360 2401 403 2436 in
427 2411 514 2446 ras,
539 2404 583 2438 ut
607 2412 639 2438 v.
666 2412 759 2439 corr.
786 2413 832 2439 ex
857 2412 955 2447 quae
982 2400 1027 2437 N
1029 2400 1107 2447 ¹)N
1110 2400 1160 2436 M
1166 2400 1237 2437 OT
1253 2402 1264 2447 ΙΙ

177 2467 404 2495 Aronnnmms
426 2467 472 2494 ed.
493 2467 526 2493 Μ
535 2475 552 2495 o
560 2467 581 2494 h
589 2475 612 2495 r.
1248 2463 1268 2496 8
