1592 2612
640 106 848 143 CARMEN
871 106 936 144 IX.
1388 105 1481 150 295

723 253 845 297 VIII.

126 336 194 374 AD
219 335 438 373 PRISCUM
462 335 797 373 VALERIANUM
822 336 986 373 VJRUM
1010 335 1446 375 PRAEFECTORIUM.

184 413 343 468 Prisce,
374 413 498 453 decus
530 425 692 466 semper
722 418 925 467 nostrum,
957 414 1024 454 eui
1055 414 1241 467 principe
1272 414 1387 455 Avito

277 478 490 527 cognatum
523 475 650 514 sociat
679 487 861 527 purpura
893 474 999 514 celsa
1031 486 1178 528 genus,

185 534 236 575 ad
266 539 337 575 tua
367 547 461 575 eum
491 539 653 575 nostrae
686 539 852 574 currant
884 536 1067 574 examina
1098 547 1247 589 nugae,

276 595 387 635 dico:
414 591 532 635 ‘state
540 627 552 648 ‚
583 607 723 648 vagae3
756 607 835 648 quo
868 593 1128 648 properatis?
1171 600 1288 636 amat.

134 663 159 697 5
185 655 405 696 destrictus
437 667 600 708 semper
632 667 794 709 censor,
827 657 898 708 qui
929 655 1078 709 diligit,
1110 660 1237 710 extat3

277 716 378 756 dura
410 715 541 756 fronte
574 715 672 769 legit
702 715 836 756 mollis
869 717 1055 756 amicitia.

183 775 243 816 nil
274 781 405 817 totum
436 775 604 829 prodest
635 776 838 816 adiectum
870 776 1056 817 laudibus
1088 776 1207 831 illud,

276 836 392 890 Ulpia
424 836 531 890 quod
563 836 702 877 rutilat
733 838 915 890 porticus
947 849 1040 877 aere
1072 849 1162 876 meo

184 896 248 937 vel
281 897 388 950 quod
420 897 550 937 adhue
581 897 730 950 populo
763 897 883 937 simul
915 902 956 938 et
987 897 1203 950 plaudente
1236 902 1381 938 senatu

114 966 159 999 ιο
277 958 326 998 ad
358 963 543 998 nostrum
576 957 717 998 reboat
748 970 921 998 concava
952 957 1079 997 Roma
1112 955 1288 1011 sophos?

184 1017 434 1071 respondent
464 1018 573 1059 illae:
606 1015 949 1072 ‘properabimus,
981 1018 1149 1072 ibimuS,
1182 1023 1222 1059 et
1253 1031 1328 1059 nos

276 1091 359 1119 non
389 1080 562 1119 retines:
593 1083 705 1119 tanto
737 1078 871 1119 iudice
905 1078 1022 1132 eulpa
1053 1078 1195 1131 placet.

183 1140 370 1192 cognitor
399 1139 477 1180 hoc
507 1139 643 1180 nullus
675 1138 835 1193 melior3
867 1139 971 1179 bene
1005 1141 1183 1180 carmina
1214 1144 1360 1193 pensat

276 1204 511 1253 contemptu
542 1199 676 1253 tardo,
709 1199 860 1240 iudicio
894 1196 1046 1240 celeri?

111 1269 159 1302 15
185 1265 227 1301 et
259 1262 354 1314 quia
385 1273 467 1300 non
498 1262 613 1313 potui
642 1262 860 1300 temeraria
892 1262 1037 1300 sistere
1069 1260 1213 1314 verba,

276 1320 353 1361 hoe
385 1333 501 1375 rogo,
533 1333 585 1361 ne
617 1320 779 1361 dubites
811 1320 914 1361 lecta
946 1321 1082 1361 dicare
1115 1334 1226 1374 rogo.

750 1461 824 1505 IX.

628 1544 696 1580 AD
722 1544 947 1581 FELICEM.

422 1605 577 1641 Lamum
603 1605 755 1642 Somnus
780 1619 875 1641 mc
902 1606 1148 1642 Aromnums

424 1667 542 1690 rrum
566 1666 704 1689 nonum
731 1667 865 1694 moeni:
890 1667 1019 1690 rau-m

424 1715 522 1738 mcrr
549 1701 720 1738 Smomns
747 1715 833 1739 eccs
861 1714 1030 1738 SALUTEM.

375 1779 464 1832 Dic,
497 1778 579 1832 dic,
611 1778 717 1832 quod
750 1783 863 1833 peto,
894 1778 1053 1833 Magne,
1085 1779 1169 1834 dic,
1202 1779 1362 1834 amabo,

261 1848 282 1880 5
309 1839 422 1880 Felix
456 1841 636 1893 nomine,
668 1844 820 1893 mente,
853 1839 1024 1894 honore,
1057 1839 1205 1894 forma,

314 1901 437 1953 natis,
470 1901 660 1953 coniuge,
693 1899 904 1953 fratribus,
935 1906 1120 1954 parente,

314 1961 517 2013 germanis
550 1961 747 2013 genitoris
779 1966 897 2013 atque
930 1962 1072 2001 matris

314 2026 355 2061 et
386 2033 543 2060 summo
576 2020 820 2074 patruelium
853 2019 1036 2061 Camillo:

315 2081 412 2134 quid
445 2093 571 2133 nugas
603 2082 840 2121 temerarias
873 2082 1010 2134 amici,

241 2150 284 2182 10
312 2142 461 2194 sparsit
493 2154 592 2194 quas
623 2148 788 2181 tenerae
822 2143 934 2181 iocus
968 2142 1171 2194 iuventae,

191 2245 283 2282 VIII
310 2250 327 2281 1
356 2244 522 2291 principi
547 2245 627 2282 PT
653 2247 667 2291 fl
698 2249 719 2282 5
746 2245 953 2282 destrictus
986 2245 1252 2290 Wilamowitz,
1284 2243 1485 2281 districtus

94 2294 267 2340 GPTF,
296 2293 492 2329 districtos
519 2294 570 2330 M
595 2295 608 2340 ΙΙ
642 2299 661 2330 ’7
688 2295 814 2330 totum
843 2295 896 2341 T]
923 2294 1055 2330 votum
1085 2292 1211 2338 GPF,
1236 2304 1373 2329 vocum
1398 2294 1452 2329 M
1474 2295 1479 2341 Ι

93 2341 205 2378 inum
238 2342 303 2388 M,
343 2353 412 2379 om.
444 2342 485 2377 F
511 2344 524 2386 11
558 2346 602 2378 16
628 2342 700 2378 hoc
726 2343 793 2390 M]
820 2342 916 2378 haec
945 2341 1103 2379 CPTF
1133 2344 1138 2388 Ι
1168 2345 1255 2388 post
1289 2342 1353 2379 alt.
1386 2353 1482 2389 rogo

89 2391 219 2437 deficit
244 2391 362 2428 codex
387 2390 464 2436 Ml]
484 2389 534 2425 IX
559 2402 614 2428 vv.
636 2393 733 2427 1—3
758 2402 827 2428 om.
852 2391 886 2427 Τ
901 2393 914 2437 ΙΙ
