1592 2612
292 226 316 261 5

587 8 609 32 u

371 116 600 155 SIDONIUS
625 116 838 154 FIRMINO
865 115 958 153 SUO
985 108 1229 153 SALUTEM.

347 219 475 261 Solvit
508 224 736 274 antemnas,
766 219 865 272 legit
884 218 975 259 alta
1005 218 1117 272 vela,

351 279 567 334 palmulam
597 281 713 333 ponit
743 292 905 334 manuS,
937 285 1058 332 atque
1090 280 1281 320 transtris

351 340 463 381 litori
494 341 644 381 iunctis
674 342 778 394 petit
809 339 1068 381 osculandam

515 400 641 441 saltus
672 401 877 441 harenam.

349 497 570 539 Mussitans
603 510 846 551 quamquam
880 497 1029 538 chorus
1061 496 1293 538 invidorum

268 567 314 600 10
345 559 490 613 prodat
520 558 669 599 hirritu
700 558 856 598 rabiem
887 560 1050 612 canino,

349 619 408 660 nil
438 619 570 678 palam
602 632 698 660 sane
728 618 911 672 loquitur
940 623 1139 672 pavetque

513 679 675 734 publica
705 685 865 733 puncta.

348 776 571 817 Verberant
600 777 788 830 puppim,
821 778 1009 829 quatiunt
1039 777 1237 828 carinam,

347 837 542 878 ventilant
573 837 748 890 spondas
781 836 952 877 laterum
985 836 1199 889 rotundas,

268 906 312 939 15
344 897 532 939 arborem
564 899 670 938 circa
702 896 870 937 volitant
901 899 1090 938 sinistrae

268 1246 315 1279 20

266 1619 312 1652 25

266 1958 313 1993 30

514 957 632 999 sibila
663 957 835 1011 linguae.

349 1054 432 1096 Nos
462 1060 599 1096 tamen
629 1060 783 1096 rectam
814 1055 961 1095 comite
994 1058 1080 1094 arte
1112 1065 1294 1107 proram,

346 1115 406 1156 nil
437 1120 710 1157 tumescentes
740 1117 861 1155 veriti
891 1113 1107 1168 procellas,

349 1178 530 1217 sistimus
562 1181 702 1230 portu,
733 1177 916 1228 geminae
947 1176 1067 1228 potiti

517 1237 660 1277 fronde
692 1249 883 1290 coronae,

348 1333 476 1381 Quam
508 1333 607 1373 mihi
638 1333 807 1373 indulsit
836 1331 1011 1386 populus
1043 1331 1222 1386 Quirini,

348 1393 527 1434 blattifer
558 1393 622 1433 vel
653 1406 774 1447 quam
805 1393 949 1434 tribuit
981 1397 1163 1446 senatus,

349 1466 468 1507 quam
499 1456 725 1507 peritorum
757 1453 869 1494 dedit
900 1453 998 1493 ordo
1031 1465 1199 1493 consors

512 1514 774 1568 iudiciorum,

345 1610 446 1651 Cum
478 1612 581 1651 meis
612 1613 710 1664 poni
742 1616 913 1651 statuam
945 1623 1166 1664 perennem

349 1670 479 1712 Nerva
512 1671 709 1712 Traianus
740 1671 870 1712 titulis
902 1671 1076 1724 videret,

347 1733 455 1772 inter
487 1737 672 1773 auctores
704 1733 917 1785 utriusque
949 1732 1070 1776 fixam

511 1791 799 1847 bibliothecae3

347 1889 555 1942 Quamque
587 1894 699 1943 post,
730 1892 841 1930 visus
873 1901 1017 1943 prope,
1049 1894 1142 1942 post
1172 1888 1344 1930 bilustre

345 1955 506 2018 tempus
538 1951 693 2004 accepi,
725 1952 889 2003 capiens
921 1949 1135 2004 honorem,

349 2011 418 2063 qui
450 2015 610 2063 patrum
641 2023 686 2050 ac
718 2010 848 2064 plebis
882 2009 1001 2051 simul
1027 2023 1133 2051 unus
1166 2010 1263 2051 olim

511 2071 599 2110 iura
631 2070 837 2123 gubernat.

347 2166 513 2207 Praeter
543 2166 689 2208 heroos
722 2169 808 2208 ioca
840 2167 964 2207 multa
996 2166 1135 2207 multis

347 2229 459 2267 texui
484 2230 646 2281 pannis3
679 2227 813 2280 elegos
846 2229 1082 2280 frequenter
1158 2273 1171 2284 .

1399 115 1491 160 235

198 2367 233 2391 v.
255 2358 277 2390 5
303 2350 421 2391 solbit
445 2354 492 2402 (it
516 2356 558 2391 in
576 2367 651 2393 ras.
673 2355 815 2400 M¹)M‚
842 2355 968 2391 solvat
989 2355 1043 2401 G}
1067 2355 1174 2402 legat
1194 2355 1226 2392 C
1247 2359 1282 2392 et
1308 2359 1418 2401 (corr
1438 2358 1483 2393 in

102 2400 200 2449 legit
224 2403 274 2438 M
277 2403 362 2448 )M
375 2406 387 2450 fl
406 2416 440 2439 v.
462 2406 508 2439 33
534 2403 671 2441 heroos
698 2404 739 2450 C,
765 2403 899 2440 heroes
930 2404 979 2449 F,
1006 2403 1164 2441 choreos
1191 2404 1309 2452 MPu
