1592 2612
393 147 622 186 SIDONIUS
647 147 900 187 PETRONIO
926 149 1021 187 SUO
1047 148 1290 187 SALUTEM.
1474 149 1531 192 37

143 250 237 292 dote
275 252 539 306 conspicuus,
575 253 846 293 amicitiarum
884 257 1063 306 tuarum,
1107 253 1189 292 nisi
1226 253 1407 307 respuis,
1451 253 1533 292 avi-

143 311 311 353 dissime
344 311 502 353 sinibus
528 313 716 367 infertur,
748 318 789 354 et
814 326 908 354 cum
934 313 994 353 illi
1019 312 1193 353 familiae
1220 312 1413 366 splendor
1438 325 1532 366 pro-

141 371 248 414 bitas
291 385 463 428 morum,
499 375 736 427 patrimonii
780 374 949 415 facultas
992 375 1215 414 iuventutis
1259 373 1446 414 alacritas
1490 375 1533 414 in

142 445 263 474 omne
289 433 414 475 decus
439 436 529 488 pari
554 434 668 475 lance
696 435 988 490 conquadrent,
1019 436 1075 475 ita
1101 434 1266 475 demum
1292 434 1372 475 sibi
1396 439 1533 475 tamen

140 493 345 535 videbitur
388 494 438 535 ad
476 508 611 536 arcem
655 495 983 549 fastigatissimae
1024 495 1227 536 felicitatis
1267 500 1450 550 evectus,
1495 497 1531 535 si
1569 505 1588 531 5

142 557 295 609 gratiae
320 559 413 596 tuae
442 556 651 597 sodalitate
677 559 867 610 potiatur.
925 555 965 598 2.
998 556 1179 610 Optantii
1211 555 1430 597 clarissimi
1455 557 1533 596 viri

141 628 274 670 nuper
309 618 391 657 vita
428 617 557 658 ftmcti
563 616 737 687 filiam,
776 617 883 687 quod
923 617 999 657 deo
1030 622 1297 670 prosperante
1330 617 1534 671 succedat,

143 676 241 718 licet
272 690 295 718 a
326 682 454 719 matre
486 661 663 732 puplllae
690 679 734 718 in
770 680 1002 731 coniugium
1028 679 1193 731 petierit
1219 677 1535 732 obtinueritque,

141 750 287 791 parum
318 743 456 779 tamen
487 744 673 780 votorum
707 752 804 780 sum
806 751 876 780 um
907 743 1138 792 promotum
1167 743 1307 779 censet
1332 739 1535 793 effectum,

141 799 224 839 nisi
254 811 466 840 assensum
497 805 615 840 tuum
647 812 770 853 super
800 800 866 840 1115
893 799 1082 840 omnihus
1115 812 1189 840 seu
1221 799 1434 839 sedulitate
1462 811 1534 839 sua
1555 814 1591 840 ιο

145 872 219 901 seu
261 864 430 913 precatu
474 865 635 901 nostrae
681 862 991 901 intercessionis
1029 860 1290 913 adipiscatur.
1359 872 1533 913 namque

143 921 251 975 ipse,
283 926 479 974 quantum
511 921 560 962 ad
592 923 891 963 institutionem
925 926 1080 975 spectat
1111 920 1288 975 puellae,
1326 922 1368 961 in
1399 920 1535 961 locum

142 982 295 1022 mortui
326 983 454 1035 patris
488 995 680 1023 curarum
711 984 1021 1036 participatione
1055 981 1255 1036 succedis,
1288 981 1534 1022 conferendo

142 1043 292 1095 virgini
322 1044 503 1096 parentis
530 1043 731 1098 affectum,
762 1045 923 1097 patroni
949 1044 1242 1096 auctoritatem,
1273 1044 1420 1083 tutoris
1448 1042 1534 1082 offi-

143 1104 263 1144 cium.
327 1101 367 1145 3.
400 1105 610 1159 quocirca,
649 1106 743 1158 quia
775 1104 922 1158 dignus
955 1116 1020 1158 es,
1051 1108 1096 1144 ut
1128 1103 1272 1144 domus
1305 1108 1397 1144 tuae
1431 1102 1534 1144 cele-
1556 1118 1590 1145 15

140 1162 363 1205 berrimam
401 1164 658 1219 disciplinam
696 1166 819 1206 etiam
858 1164 1001 1219 procul
1041 1165 1270 1218 positorum
1308 1168 1420 1217 petat
1452 1176 1534 1204 am-

142 1223 274 1280 bitus,
324 1226 431 1266 sicut
475 1225 591 1266 decet
640 1225 840 1267 bonarum
883 1227 1062 1279 partium
1106 1226 1234 1279 viros,
1284 1224 1534 1278 benignitate

142 1287 331 1339 responsi
360 1288 477 1340 proci
509 1286 703 1340 supplicis
737 1286 1023 1328 verecundiam
1052 1298 1269 1326 munerare
1297 1291 1349 1340 et,
1382 1287 1453 1339 qui
1479 1287 1535 1325 ita

143 1348 346 1400 expetitus
385 1346 555 1388 deberes
592 1347 653 1388 illi
687 1353 878 1402 expetere
912 1347 1202 1401 pollicendam,
1241 1359 1411 1387 securus
1443 1359 1535 1399 per-

143 1408 258 1448 mitte
296 1409 561 1463 promissam,
599 1409 693 1462 quia
731 1410 790 1449 sic
829 1414 869 1449 te
902 1408 1134 1448 condicioni
1164 1407 1259 1448 huic
1291 1409 1532 1448 meritorum
1555 1422 1590 1448 20

144 1469 247 1509 ratio
278 1468 491 1523 praefecit,
527 1474 572 1510 ut
603 1482 678 1510 nec
712 1470 923 1522 superstiti
955 1468 1145 1522 Optantio
1178 1470 1221 1508 in
1253 1467 1404 1509 liberos
1438 1480 1533 1508 suos

146 1527 332 1569 decuerit
362 1528 453 1582 plus
484 1528 620 1570 licere.
671 1529 770 1571 vale.

811 1683 866 1727 V.

389 1765 620 1803 SIDONIUS
645 1766 899 1803 PETRONIO
928 1765 1020 1802 SUO
1049 1765 1292 1803 SALUTEM.

238 1841 277 1885 1.
310 1843 509 1884 Iohannes
537 1843 748 1885 familiaris
770 1856 887 1884 meus
913 1842 1235 1884 inextricabilem
1261 1842 1535 1896 labyrinthum

144 1906 298 1959 negotii
329 1903 566 1958 multiplicis
599 1906 775 1945 incurrit
807 1909 847 1945 et
879 1904 1007 1945 donec
1041 1916 1206 1944 suarum
1238 1905 1384 1944 merita
1417 1903 1532 1943 char·
1552 1917 1588 1946 25

144 1970 278 2006 tarum
310 1965 373 2006 vel
403 1971 538 2006 vestra
570 1967 741 2006 scientia
772 1965 836 2005 vel
869 1966 904 2005 si
938 1977 1016 2018 qua
1042 1970 1105 2005 est
1130 1970 1288 2005 vestrae
1317 1959 1372 2020 (si
1398 1970 1534 2004 tamen

145 2030 209 2067 est
226 2022 328 2082 ulla)
349 2026 494 2066 similis
514 2028 751 2080 inspexerit,
779 2026 876 2079 quid
897 2030 1073 2079 respuat,
1100 2025 1197 2078 quid
1225 2030 1335 2078 optet
1361 2026 1534 2077 ignorat.

145 2087 202 2127 ita
240 2099 283 2127 se
322 2086 617 2140 quodammodo
655 2086 871 2140 bipertitae
917 2086 1001 2126 litis
1046 2086 1173 2126 forma
1216 2085 1444 2140 confundit,
1487 2090 1534 2126 ut

145 2148 368 2200 propositio
402 2160 474 2188 sua
507 2159 628 2200 quem
654 2149 824 2188 actionis
851 2147 1036 2187 ordinem
1062 2151 1378 2200 propugnatura,
1411 2158 1533 2200 quem

145 2208 199 2248 sit
229 2209 525 2262 impugnatura,
557 2221 639 2248 non
663 2209 832 2248 noverit.
879 2206 919 2249 2.
950 2219 1025 2260 pro
1052 2219 1132 2260 quo
1159 2219 1323 2260 precem
1351 2206 1531 2248 sedulam
1552 2222 1592 2248 30

244 2352 266 2384 4
291 2347 406 2395 parili
429 2348 462 2386 G
476 2350 487 2395 ΙΙ
509 2352 551 2384 11
576 2347 815 2395 adipiscatur
836 2349 871 2385 T
879 2348 917 2394 G
944 2347 1172 2393 adipiscitur
1191 2347 1334 2383 LMN
1346 2349 1359 2394 11
1382 2352 1425 2384 19
1446 2359 1533 2395 pro—

146 2394 258 2432 mitte
286 2399 395 2442 (corr.
423 2399 466 2433 in
490 2397 672 2443 permitte
697 2397 1027 2443 M‘TvLNMT
1043 2398 1056 2442 ΙΙ
1076 2400 1120 2432 21
1148 2400 1235 2434 ante
1259 2397 1303 2432 ut
1328 2397 1394 2444 leq.
1415 2395 1473 2433 ita
1490 2398 1537 2433 in

149 2443 201 2490 T,·
224 2446 272 2490 cf.
298 2456 353 2492 ep.
380 2446 416 2491 I,
435 2448 559 2491 11,11
580 2447 657 2492 {127
685 2445 825 2491 quidve
852 2447 961 2492 optet
990 2444 1048 2491 ΟΠ
