1592 2612
588 153 797 191 CARMEN
821 153 957 191 xxm.
1373 153 1459 196 341

297 255 490 310 Arpinas,
519 254 729 310 Patavine,
759 255 994 310 Mantuano,

294 322 336 358 et
365 322 425 371 te,
456 317 612 357 comica
643 318 714 369 qui
746 317 886 371 doces,
918 316 1104 370 Terenti,

296 382 338 418 et
367 382 426 431 te,
455 381 638 430 tempore
673 379 743 430 qui
775 382 887 418 satus
918 389 1059 418 severo

305 437 465 491 Graios,
495 437 653 491 Plaute,
685 437 789 478 sales
821 437 959 491 lepore
991 438 1161 491 transis,

200 506 268 540 150
294 503 336 539 et
360 503 401 539 te
432 497 669 539 multimoda
701 500 800 539 satis
831 498 1054 539 verendum

294 560 539 612 scriptorum
569 561 879 613 numerositate,
911 559 1054 613 Varro,

294 625 336 660 et
366 624 429 674 te,
454 621 525 673 qui
554 619 773 674 brevitate,
805 619 967 673 Crispe,
998 618 1147 674 polles,

296 685 338 720 et
369 682 440 733 qui
470 692 545 733 pro
576 681 740 733 ingenio
767 680 917 720 fluente
949 679 1069 734 nulli,

298 740 461 781 Corneli
492 740 653 794 Tacite,
685 753 729 781 es
761 741 957 781 tacendus
990 742 1070 794 ori,

201 810 270 843 155
298 806 339 841 et
369 806 410 841 te
441 801 756 842 Massiliensium
786 814 862 855 per
892 801 1032 842 hortos

298 863 405 902 sacri
436 863 606 915 stipitiS,
637 861 821 916 Arbiter,
853 861 1041 902 colonum

295 921 620 975 Hellespontiaco
652 935 791 975 parem
822 922 988 976 Priapo,

296 987 338 1023 et
367 987 408 1022 te
441 984 620 1023 carmina
651 995 725 1036 per
756 982 973 1023 libidinosa

296 1048 458 1097 notum,
489 1042 596 1083 Naso
628 1049 763 1098 tener,
795 1043 1024 1096 Tomosque
1057 1044 1245 1097 missum,

201 1113 271 1146 160
298 1104 502 1157 quondam
527 1103 747 1144 Caesareae
780 1106 902 1144 nimis
934 1103 1091 1157 puellae

294 1165 388 1204 ficto
420 1165 584 1205 nomine
618 1163 825 1205 subditum
859 1162 1089 1205 Corinnae?

297 1224 394 1278 quid
426 1224 558 1265 celsos
591 1224 766 1265 Senecas
798 1225 942 1278 loquar
972 1224 1036 1265 vel
1069 1224 1183 1265 illum

296 1297 417 1339 quem
450 1285 517 1326 dat
548 1285 706 1326 Bilbilis
738 1285 817 1326 alta
848 1285 1094 1339 Martialem,

296 1350 499 1386 terrarum
531 1346 742 1399 indigenas
774 1344 1087 1386 Hibericarum?

202 1413 271 1446 165
300 1406 397 1458 quid
430 1418 532 1459 quos
565 1406 796 1459 dupHcibus
822 1408 957 1459 iugata
988 1407 1117 1447 taedis

297 1467 533 1518 Argentaria
564 1466 730 1519 pallidat
760 1465 930 1520 poetas?

298 1526 396 1579 quid
427 1526 576 1567 multos
610 1528 712 1567 varii
745 1527 828 1567 stili
859 1524 1070 1567 retexam?

298 1587 449 1640 arguti,
481 1588 631 1641 teneri,
664 1599 825 1640 graves,
857 1587 1035 1641 dicaces,

301 1648 336 1687 si
369 1646 613 1687 Consentius
646 1648 777 1701 affuit,
808 1647 997 1688 latebant.

205 1716 275 1749 170
361 1706 465 1748 Huic
498 1709 647 1748 summi
679 1709 834 1761 ingenii
865 1710 950 1748 viro
984 1707 1185 1760 simulque

300 1780 479 1808 summae
512 1768 734 1808 nobilitatis
767 1773 886 1821 atque
920 1768 1072 1808 formae

298 1830 436 1868 iuncta
469 1833 531 1869 est
562 1829 731 1883 semina,
764 1841 866 1882 quae
898 1828 1063 1869 domum
1096 1828 1145 1868 ad
1177 1828 1315 1868 mariti

298 1890 424 1941 prisci
456 1890 631 1941 insignia
662 1889 913 1930 transferens
945 1889 1073 1929 Iovini

298 1947 479 2001 implevit
510 1949 662 1989 trabeis
693 1949 818 1990 larem
851 1950 1067 2002 sophistae.

204 2017 271 2050 175
301 2010 359 2049 sic
392 2010 498 2049 intra
530 2011 718 2062 proprios
750 2009 826 2050 tibi
857 2015 1024 2063 penates
1034 2041 1046 2064 ,

299 2069 510 2123 Consenti,
541 2072 695 2123 patriae
727 2070 852 2111 decus
885 2070 1126 2124 superbum,

298 2130 413 2170 fastis
446 2131 542 2170 vivit
574 2143 671 2171 avus
702 2135 897 2184 paterque
931 2130 1058 2170 libris,

360 2190 468 2231 Haec
501 2203 575 2243 per
607 2196 817 2231 stemmata
848 2197 887 2232 te
921 2193 1018 2231 satis
1050 2195 1275 2244 potentem,

177 2346 246 2379 153
273 2342 416 2378 fluente
435 2343 567 2390 vulyo,·
591 2342 750 2379 florente
770 2344 893 2387 codd.;
920 2344 968 2388 cf.
991 2343 1125 2380 Claud.
1147 2346 1208 2388 41,
1222 2346 1246 2380 9
1266 2353 1351 2378 cum
1371 2341 1468 2378 fluat

79 2388 278 2436 ingenium
316 2392 328 2438 ΙΙ
370 2395 437 2427 166
462 2390 644 2437 pallidat]
676 2402 723 2428 sc.
758 2403 903 2436 amore‚·
941 2391 1053 2427 Polla
1085 2391 1155 2428 dat
1184 2392 1320 2439 vu1905
1357 2390 1468 2427 Polla

80 2439 187 2474 amat
211 2438 289 2476 Leo
308 2442 320 2486 ΙΙ
343 2443 410 2475 172
439 2438 489 2475 ad
514 2451 581 2476 om.
604 2439 682 2475 PT
697 2442 710 2485 ΙΙ

1089 2505 1110 2525 0
