1592 2612
76 482 94 510 5

62 785 97 811 10

65 1085 103 1112 15

71 1387 107 1413 20

74 1687 108 1713 25

77 1989 113 2015 30

116 128 202 171 148
475 143 480 146 -
589 121 738 158 LIBER
763 119 1017 158 SEPTIMUS.

111 227 306 270 intellecti
337 226 469 266 dentis
502 223 675 265 arrodat.
739 221 778 264 3.
811 234 986 275 namque
1018 220 1148 261 hostis
1181 220 1386 285 antiquus,
1407 220 1499 272 'quo

111 288 290 330 facilius.
299 286 466 327 insultet
491 284 690 325 balatibus
716 285 851 324 ovium
877 280 1187 335 destitutarum,¹
1207 280 1500 322 dormitantum

112 350 226 402 prius
265 348 407 402 incipit
445 344 671 386 cervicibus
710 345 927 384 imminere
969 346 1189 395 pastorum.
1253 353 1386 394 neque
1426 352 1500 394 ego

113 411 170 450 ita
199 410 281 448 mei
310 408 537 449 meminens
568 417 650 445 non
683 417 785 458 sum,
818 408 863 444 ut
896 414 1152 456 nequaquam
1178 414 1242 442 me
1269 401 1377 442 hunc
1409 413 1501 442 esse

113 470 362 521 reminiscar,
395 479 515 519 quem
541 465 670 518 longis
695 465 825 505 adhuc
845 463 1044 505 abluenda
1065 462 1231 504 fletibus
1251 462 1502 503 conscientia

113 533 286 583 premat3
325 529 439 568 cuius
473 531 653 566 stercora
683 530 819 566 tamen
852 524 926 565 sub
961 537 1037 577 ope
1072 523 1226 564 Christi
1258 522 1500 576 quandoque

114 590 294 643 mysticis
339 589 566 627 orationum
609 591 772 627 tuarum
827 586 972 626 rastris
1017 583 1355 625 eruderabuntur.
1431 582 1503 624 sed

116 650 304 703 quoniam
339 648 614 701 supereminet
650 648 797 700 privati
837 650 976 686 reatus
1015 645 1304 695 verecundiam
1340 643 1504 698 publica

116 709 235 763 salus,
267 721 348 749 non
379 707 560 761 verebor,
593 709 669 747 etsi
702 711 840 760 carpat
873 706 1006 747 zelum
1038 707 1081 746 in
1113 718 1178 746 me
1210 705 1307 746 fidei
1339 706 1506 746 sinister

115 772 334 823 interpres,
378 768 452 809 suh
484 769 671 809 vanitatis
711 767 862 808 invidia
895 779 1058 807 causam
1095 766 1270 820 prodere
1308 767 1504 806 veritatis.

116 830 156 871 4.
188 829 336 870 Euarix
374 842 446 869 rex
484 828 707 869 Gothorum
753 828 859 881 quod
906 827 1078 868 limitem
1122 828 1240 880 regni
1281 828 1347 868 sui
1385 821 1506 880 rupto'

118 889 395 943 dissolutoque
428 889 591 929 foedere
625 891 821 942 antiquo
824 888 887 929 vel
913 893 1068 929 tutatur
1094 900 1302 928 armorum
1327 889 1417 928 iure
1443 886 1507 928 vel

118 955 345 1004 promovet,
384 963 458 990 nec
491 949 610 990 nobis
641 936 925 1003 peccatoribus
956 949 1023 990 hic
1056 961 1247 990 accusare
1285 961 1362 989 nec
1393 947 1507 988 vobis

121 1012 271 1051 sanctis
303 1011 370 1050 hic
403 1011 604 1050 discutere
637 1011 882 1070 permissum
915 1014 989 1050 est.
1053 1011 1152 1063 quin
1183 1010 1338 1063 potius,
1377 1010 1414 1049 si
1444 1020 1508 1049 re-

124 1072 273 1125 quiras,
306 1071 459 1110 ordinis
492 1083 558 1110 res
591 1075 665 1125 est,
702 1076 747 1111 ut
779 1075 820 1111 et
851 1071 963 1111 dives
994 1071 1080 1113 hic.
1094 1082 1275 1123 purpura
1306 1069 1508 1123 byssoque

123 1130 278 1171 veletur
318 1136 357 1171 et
388 1131 561 1171 Lazarus
599 1103 665 1171 hic²
708 1130 915 1172 ulceribus
962 1136 1002 1172 et
1045 1135 1281 1185 paupertate
1320 1131 1509 1184 feriatur3

125 1191 280 1231 ordinis
307 1204 373 1231 res
400 1197 473 1245 est,
502 1197 558 1246 ut,
584 1182 680 1232 dum
700 1194 742 1232 in
761 1192 836 1232 hac
855 1191 1070 1245 allegorica
1089 1203 1300 1235 versamur
1317 1191 1511 1245 Aegypto,

125 1251 279 1291 Pharao
325 1252 486 1292 incedat
530 1265 622 1292 cum
662 1252 911 1307 diademate,
954 1252 1137 1293 Israelita
1180 1264 1274 1293 cum
1318 1251 1510 1306 cophin03

127 1312 280 1352 ordinis
310 1325 374 1352 res
401 1318 475 1366 est,
507 1317 562 1367 ut,
596 1313 691 1353 dum
717 1315 759 1353 in
784 1313 860 1354 hac
886 1314 1080 1366 figuratae
1106 1312 1322 1367 Babylonis
1347 1312 1522 1353 fornace*

126 1372 402 1426 decoquimur,
436 1385 510 1412 nos
543 1386 634 1423 cum
666 1373 870 1414 Hieremia
903 1373 1126 1427 spiritalem
1157 1372 1412 1414 Hierusalem
1445 1385 1511 1414 su·
1558 1366 1561 1370 ’

126 1433 309 1485 spiriosis
342 1433 577 1486 plangamus
611 1434 829 1475 ululatibus
862 1440 903 1475 et
928 1435 1054 1475 Assur
1086 1435 1194 1475 fastu
1222 1435 1336 1487 regio
1362 1436 1509 1474 tonans

127 1498 358 1544 sanctorum
403 1498 539 1534 sancta
582 1495 801 1547 proculcet.
866 1493 905 1536 5.
940 1494 1090 1548 quibus
1136 1507 1211 1548 ego
1249 1499 1513 1548 praesentum

127 1553 432 1606 futurarumque
465 1554 760 1595 beatitudinum
792 1555 1143 1596 vicissitudinibus
1175 1556 1371 1609 inspectis
1404 1567 1512 1596 com-

127 1615 264 1653 munia
307 1616 525 1666 patientius
570 1616 823 1656 incommoda
862 1617 970 1671 fer03
1007 1618 1212 1671 primum,
1257 1615 1364 1669 quod
1409 1615 1512 1658 mihi

130 1686 231 1726 quae
264 1687 422 1716 inerea1
454 1677 769 1731 introspicienti,
809 1689 1084 1730 quaecumque
1118 1677 1285 1717 adversa
1316 1688 1513 1730 provene-
1549 1715 1552 1718 .

130 1736 224 1787 rint,
264 1734 413 1775 leviora
445 1736 758 1790 reputabuntur13
797 1737 903 1793 dein,
943 1738 1049 1790 quod
1083 1742 1241 1778 certum
1273 1738 1357 1778 scio
1389 1738 1515 1777 maxi-

130 1807 240 1833 mum
279 1807 367 1835 esse
406 1796 627 1836 remedium
667 1798 874 1838 interioris
913 1799 1107 1852 hominis,
1153 1799 1187 1838 si
1225 1799 1268 1838 in
1306 1797 1382 1838 hac
1422 1809 1516 1837 area

131 1855 274 1894 mundi
300 1857 420 1895 variis
447 1857 681 1908 passionum
700 1858 867 1910 flagellis
888 1860 1104 1899 trituretur
1123 1859 1313 1899 exterior.
1365 1856 1404 1899 6.
1434 1857 1517 1911 sed,

132 1914 238 1967 quod
265 1915 469 1955 fatendum
496 1922 569 1970 est,
600 1918 823 1969 praefatum
849 1931 988 1971 regem
1009 1919 1246 1973 Gothorum,
1273 1930 1517 1971 quamquam

134 1976 187 2014 sit
219 1974 269 2023 ob
303 1977 448 2015 virium
481 1978 626 2017 merita
647 1978 874 2032 terribilis,
912 1992 993 2019 non
1025 1985 1107 2020 tam
1139 1979 1332 2019 Romanis
1364 1980 1518 2019 moeni-

86 2050 89 2053 ·
132 2034 208 2075 hus
243 2047 362 2087 quam
395 2035 551 2088 legibus
585 2037 824 2078 Christianis
864 2040 1148 2080 insidiaturum
1186 2041 1368 2093 pavesco,
1431 2044 1519 2079 tan-

81 2289 117 2318 35

133 2100 237 2149 tum,
275 2101 321 2135 ut
352 2096 506 2150 ferunt,
545 2099 624 2150 ori,
662 2103 819 2138 tantum
850 2102 1006 2152 pectori
1040 2113 1111 2141 suo
1145 2099 1335 2141 catholici
1365 2095 1519 2140 mentio
1583 2146 1587 2151 ¹

134 2157 310 2196 nominis
344 2161 443 2210 acet,
475 2162 519 2196 ut
551 2158 748 2212 ambigas,
781 2160 1004 2212 ampliusne
1039 2174 1134 2201 suae
1167 2162 1299 2214 gentis
1333 2173 1383 2201 an
1422 2172 1519 2200 suae

135 2221 267 2256 sectae
311 2221 447 2256 teneat
489 2218 772 2270 principatum.
848 2220 897 2260 ad
947 2221 1022 2261 hoc
1068 2223 1191 2270 armis
1236 2226 1381 2274 potens
1426 2232 1520 2260 acer

136 2277 281 2317 animis
327 2276 457 2317 alacer
501 2279 616 2317 annis
660 2279 767 2319 hunc
810 2280 940 2321 solum
978 2283 1130 2334 patitur
1169 2294 1368 2335 errorem,
1414 2280 1522 2334 quod

236 2408 257 2439 2
283 2404 388 2450 prius
415 2405 693 2442 dormitantum
722 2407 753 2444 O
767 2409 778 2453 ΙΙ
