1592 2612
309 123 537 162 SIDONIUS
562 123 893 161 CAMPANIANO
926 123 1020 162 SUO
1049 124 1294 162 SALUTEM.
1436 125 1493 168 21

107 227 197 269 sule
228 240 340 283 meo,
371 232 418 268 ut
447 239 512 268 me
544 227 795 280 praefectum
826 227 979 267 faceret
1010 228 1170 268 senatui
1202 239 1287 268 suo.
1353 225 1391 268 7.
1425 227 1497 268 sed

105 293 171 344 tu,
208 290 253 330 ni
291 288 426 342 fallor,
464 287 661 342 epistulae
699 299 871 341 perosus
910 287 1185 341 prolixitatem
1216 287 1496 341 voluptuosius

105 363 215 392 nunc
247 348 434 404 opusculi
464 350 594 402 ipsius
620 348 849 402 relegendis
874 348 1061 389 versibus
1086 348 1356 389 inmorabere.
1399 351 1496 403 scio,
1555 353 1562 359 '

106 416 227 465 atque
271 410 323 451 ob
366 409 443 450 hoc
488 421 652 450 carmen
697 411 831 463 ipsum
874 408 1021 462 loquax
1067 411 1109 450 in
1150 409 1496 463 consequentibus

107 472 246 513 charta
277 471 481 525 deportat,
514 483 616 523 quae
647 482 723 523 pro
755 482 821 511 me
847 471 1031 525 interim,
1063 470 1160 510 dum
1186 472 1318 526 venio,
1349 470 1494 511 diebus
1533 481 1552 508 5

66 537 71 541 ’
105 532 182 574 tibi
221 531 406 586 pauculis
445 532 752 572 sermocinetur.
817 532 883 572 cui
926 532 961 571 si
999 533 1196 572 examinis
1233 533 1296 572 tui
1334 544 1495 585 quoque

106 598 257 647 puncta
282 592 526 646 tribuantur,
558 604 685 645 aeque
712 596 871 644 gratum
897 592 1009 646 mihi,
1036 605 1082 632 ac
1109 594 1145 632 si
1169 604 1234 633 me
1261 594 1304 632 in
1332 593 1495 632 comitio

104 654 169 695 vel
205 656 314 695 inter
350 658 483 694 rostra
522 654 781 693 contionante
820 653 870 693 ad
909 653 1057 706 sophos
1092 665 1230 693 meum
1261 665 1343 693 non
1375 653 1495 693 modo

105 715 178 756 lati
209 715 312 756 clavi
344 714 415 755 sed
447 713 662 754 tribulium
694 726 855 766 quoque
887 714 1023 766 fragor
1055 715 1340 754 concitaretur.
1400 726 1495 754 sane

106 788 252 817 moneo
284 787 463 829 praeque
490 774 684 814 denuntio
713 773 954 827 quisquilias
981 776 1090 828 ipsas
1117 774 1228 815 Clius
1254 779 1348 815 tuae
1374 774 1495 816 hexa-

107 837 251 877 metris
282 837 450 876 minime
484 847 696 888 exaeques.
742 837 888 875 merito
917 836 1026 876 enim
1052 835 1208 876 conlata
1234 837 1381 876 vestris
1407 848 1497 876 mea

108 899 288 939 carmina
312 909 395 937 non
420 896 679 936 heroicorum
703 895 881 949 phaleris
909 896 979 936 sed
1007 896 1342 949 epitaphistarum
1362 897 1496 936 neniis

109 956 463 1012 comparabuntur.
515 954 553 998 8.
587 961 764 997 attamen
796 956 938 1011 gaude,
971 957 1079 1010 quod
1110 957 1176 997 hic
1203 959 1291 1010 ipse
1322 969 1497 1010 panegy-

106 1020 218 1060 ricus
250 1019 329 1059 etsi
358 1029 441 1058 non
467 1017 665 1058 iudicium
691 1022 801 1057 certe
828 1022 1017 1057 eventum
1043 1017 1140 1057 boni
1167 1019 1303 1071 operis
1329 1019 1496 1071 accepit.

108 1083 374 1133 quapropter,
412 1079 448 1119 si
484 1083 621 1118 tamen
653 1079 797 1118 tetrica
830 1082 925 1118 sunt
957 1078 1205 1118 amoenanda
1237 1078 1497 1132 iocularibus,
1535 1088 1553 1115 5

106 1140 197 1180 volo
229 1141 417 1194 paginam
448 1138 624 1192 glorioso
662 1138 705 1178 id
737 1143 800 1179 est
832 1140 949 1198 quasi
981 1139 1257 1179 Thrasoniano
1290 1139 1370 1179 fine
1404 1151 1498 1179 con-

108 1200 273 1242 cludere
315 1199 489 1240 Plautini
526 1198 848 1253 Pyrgopolinicis
887 1201 1076 1240 imitator.
1147 1201 1273 1253 igitur
1317 1212 1411 1240 cum
1450 1200 1499 1239 ad

107 1261 405 1315 praefecturam
444 1260 519 1301 sub
553 1272 628 1313 ope
661 1259 813 1300 Christi
851 1259 935 1300 stili
975 1261 1186 1301 occasione
1228 1262 1500 1314 pervenerim,

110 1321 232 1363 iubeo
263 1326 323 1376 te,
356 1320 511 1362 scilicet
543 1333 617 1375 pro
648 1325 848 1374 potestate
882 1322 1071 1376 cinctuti,
1103 1321 1283 1375 undique
1317 1322 1499 1362 omnium

108 1382 275 1424 laudum
319 1383 544 1423 convasatis
590 1381 946 1422 acclamationibus
991 1382 1041 1422 ad
1086 1387 1191 1422 astra
1237 1387 1418 1436 portare,
1465 1383 1499 1421 si

112 1442 265 1498 placeo,
297 1442 581 1497 eloquentiam,
614 1443 649 1482 si
681 1442 890 1497 displiceo,
921 1441 1165 1483 felicitatem.
1230 1442 1367 1483 videre
1398 1442 1500 1482 mihi

108 1504 262 1558 videor,
286 1508 334 1544 ut
358 1503 505 1558 rideas,
532 1504 625 1556 quia
651 1504 850 1555 perspicis
876 1508 1057 1544 nostram
1083 1516 1176 1544 cum
1195 1503 1323 1544 milite
1344 1505 1499 1544 comico

110 1565 305 1605 ferocisse
337 1565 580 1604 iactantiam.
631 1562 728 1603 vale.

779 1730 832 1773 X.

317 1812 545 1850 SIDONIUS
572 1812 902 1850 CAMPANIANO
930 1812 1023 1850 SUO
1051 1812 1295 1850 SALUTEM.

206 1902 245 1945 1.
271 1904 419 1956 Accepi
450 1915 524 1956 per
549 1903 799 1956 praefectum
826 1915 1007 1943 annonae
1033 1901 1189 1943 litteras
1215 1907 1319 1956 tuas,
1352 1901 1500 1954 quibus

113 1977 207 2005 eum
238 1963 314 2004 tibi
347 1963 526 2004 sodalem
556 1969 735 2004 veterem
767 1963 868 2003 mihi
893 1965 1078 2003 insinuas
1104 1963 1229 2003 iudici
1255 1975 1370 2002 novo
1412 1975 1501 2015 gra-

112 2027 191 2066 tias
224 2037 296 2078 ago
328 2037 494 2078 magnas
520 2023 592 2079 illi,
623 2026 819 2064 maximas
844 2023 933 2078 tibi,
965 2024 1073 2076 quod
1101 2025 1299 2064 statuistis
1327 2023 1375 2063 de
1403 2025 1502 2063 ami-

213 2181 232 2213 1
261 2178 397 2214 senatu
425 2176 484 2222 Css
504 2179 550 2211 10
575 2175 697 2224 ipsas]
724 2176 821 2212 istas
848 2176 1090 2222 Isaetjohann
1113 2176 1118 2222 Ι
1142 2174 1237 2211 clius
1264 2175 1411 2222 LVM,
1438 2175 1502 2212 vel

112 2225 208 2262 elios
235 2227 321 2263 add.
348 2237 377 2262 8.
404 2226 427 2262 l.
456 2225 594 2271 M‘V1,
622 2224 717 2260 elios
746 2224 845 2270 01¹ss
866 2228 910 2261 19
937 2223 1051 2260 iubeo
1078 2225 1118 2260 te
1145 2224 1292 2260 scilieet
1316 2235 1402 2272 eqo;
1433 2223 1500 2260 iub

111 2278 181 2321 (sp.
204 2277 227 2311 5
254 2275 276 2311 l.
303 2277 354 2320 v.)
394 2272 503 2309 ilicet
527 2273 581 2319 L,
619 2272 753 2308 iubeas
792 2272 902 2309 ilicet,
939 2274 1019 2317 (eas
1059 2274 1102 2308 in
1139 2283 1193 2318 sp.
1221 2275 1270 2309 10
1302 2273 1324 2309 l.
1351 2284 1385 2309 v.
1412 2273 1499 2310 add.

111 2323 158 2359 N
164 2322 247 2368 ²)N
251 2323 332 2367 CT,
358 2334 424 2359 om.
452 2323 495 2358 in
519 2333 594 2358 ras.
621 2322 665 2368 V,
690 2333 719 2358 s.
741 2323 763 2357 l.
786 2322 873 2358 add.
901 2321 963 2356 Μι
983 2323 995 2367 Η
1015 2324 1060 2356 23
1087 2319 1269 2357 ferocisse
1289 2321 1378 2366 LV,
1405 2321 1501 2357 fero-

112 2369 267 2407 cissimo
300 2371 473 2407 Vatican.
494 2372 615 2415 3421,
648 2369 884 2406 ferocissime
919 2372 1027 2415 (corr.
1056 2381 1101 2405 ex
1126 2368 1390 2407 ferocissimo?
1422 2369 1468 2405 N
1471 2368 1503 2415 ²)

118 2418 164 2455 N
167 2420 215 2455 M
222 2419 292 2456 GT
308 2421 321 2466 ΙΙ
341 2422 388 2454 24
414 2418 667 2465 campaniano
694 2418 878 2464 LVMT,
903 2417 1104 2463 campanio
1133 2417 1166 2455 C
1179 2419 1192 2465 ΙΙ

1517 785 1554 811 10

1519 1391 1556 1418 20

1520 1910 1556 1939 25
