<?xml version="1.0" encoding="UTF-8"?>
<!DOCTYPE html PUBLIC "-//W3C//DTD XHTML 1.0 Transitional//EN"
    "http://www.w3.org/TR/xhtml1/DTD/xhtml1-transitional.dtd">
<html xmlns="http://www.w3.org/1999/xhtml" xml:lang="en" lang="en">
 <head>
  <title>
</title>
<meta http-equiv="Content-Type" content="text/html;charset=utf-8" />
  <meta name='ocr-system' content='tesseract 3.04.00' />
  <meta name='ocr-capabilities' content='ocr_page ocr_carea ocr_par ocr_line ocrx_word'/>
</head>
<body>
  <div class='ocr_page' id='page_1' title='image "./csolliusapollina00sidouoft_0273.png"; bbox 0 0 1592 2612; ppageno 0'>
   <div class='ocr_carea' id='block_1_1' title="bbox 0 0 306 75">
    <p class='ocr_par' dir='ltr' id='par_1_1' title="bbox 0 0 306 75">
     <span class='ocr_line' id='line_1_1' title="bbox 0 0 306 75; baseline 0 2537"><span class='ocrx_word' id='word_1_1' title='bbox 0 0 306 75; x_wconf 95' lang='lat' dir='ltr'> </span> 
     </span>
    </p>
   </div>
   <div class='ocr_carea' id='block_1_2' title="bbox 320 68 1466 146">
    <p class='ocr_par' dir='ltr' id='par_1_2' title="bbox 320 68 1466 146">
     <span class='ocr_line' id='line_1_2' title="bbox 320 68 1466 146; baseline 0.008 -8"><span class='ocrx_word' id='word_1_2' title='bbox 320 68 322 70; x_wconf 33' lang='lat' dir='ltr'>v</span> <span class='ocrx_word' id='word_1_3' title='bbox 370 101 598 140; x_wconf 79' lang='lat' dir='ltr'>SIDONIUS</span> <span class='ocrx_word' id='word_1_4' title='bbox 622 101 800 140; x_wconf 84' lang='lat' dir='ltr'><strong>ORESIO</strong></span> <span class='ocrx_word' id='word_1_5' title='bbox 826 101 920 139; x_wconf 87' lang='lat' dir='ltr'>SUO</span> <span class='ocrx_word' id='word_1_6' title='bbox 946 101 1189 141; x_wconf 82' lang='lat' dir='ltr'><strong>SALUTEM.</strong></span> <span class='ocrx_word' id='word_1_7' title='bbox 1378 103 1466 146; x_wconf 81' lang='grc'>221</span> 
     </span>
    </p>
   </div>
   <div class='ocr_carea' id='block_1_3' title="bbox 90 193 1468 379">
    <p class='ocr_par' dir='ltr' id='par_1_3' title="bbox 90 193 1468 379">
     <span class='ocr_line' id='line_1_3' title="bbox 90 193 1467 258; baseline -0.001 -12"><span class='ocrx_word' id='word_1_8' title='bbox 90 204 340 258; x_wconf 76' lang='lat' dir='ltr'>communio,</span> <span class='ocrx_word' id='word_1_9' title='bbox 382 193 587 257; x_wconf 84' lang='lat' dir='ltr'>copiosius</span> <span class='ocrx_word' id='word_1_10' title='bbox 629 203 821 258; x_wconf 81' lang='lat' dir='ltr'>hilarere,</span> <span class='ocrx_word' id='word_1_11' title='bbox 866 205 902 243; x_wconf 91' lang='lat' dir='ltr'>si</span> <span class='ocrx_word' id='word_1_12' title='bbox 943 216 1056 244; x_wconf 90' lang='lat' dir='ltr'>meae</span> <span class='ocrx_word' id='word_1_13' title='bbox 1101 204 1240 257; x_wconf 88' lang='lat' dir='ltr'>culpae</span> <span class='ocrx_word' id='word_1_14' title='bbox 1285 204 1467 245; x_wconf 81' lang='lat' dir='ltr'>defensio</span> 
     </span>
     <span class='ocr_line' id='line_1_4' title="bbox 91 263 1468 318; baseline 0.001 -13"><span class='ocrx_word' id='word_1_15' title='bbox 91 266 227 318; x_wconf 87' lang='lat' dir='ltr'>potius</span> <span class='ocrx_word' id='word_1_16' title='bbox 255 263 334 305; x_wconf 88' lang='lat' dir='ltr'>tibi</span> <span class='ocrx_word' id='word_1_17' title='bbox 364 265 515 318; x_wconf 83' lang='lat' dir='ltr'>scripta</span> <span class='ocrx_word' id='word_1_18' title='bbox 545 264 699 305; x_wconf 85' lang='lat' dir='ltr'>feratur</span> <span class='ocrx_word' id='word_1_19' title='bbox 729 276 850 317; x_wconf 90' lang='lat' dir='ltr'>quam</span> <span class='ocrx_word' id='word_1_20' title='bbox 876 264 1107 314; x_wconf 67' lang='lat' dir='ltr'><strong>satisfactio.</strong></span> <span class='ocrx_word' id='word_1_21' title='bbox 1157 277 1313 305; x_wconf 90' lang='lat' dir='ltr'>memor</span> <span class='ocrx_word' id='word_1_22' title='bbox 1338 267 1468 306; x_wconf 85' lang='lat' dir='ltr'>nostri</span> 
     </span>
     <span class='ocr_line' id='line_1_5' title="bbox 90 324 1441 379; baseline -0.003 -13"><span class='ocrx_word' id='word_1_23' title='bbox 90 337 183 366; x_wconf 86' lang='lat' dir='ltr'>esse</span> <span class='ocrx_word' id='word_1_24' title='bbox 213 324 398 379; x_wconf 83' lang='lat' dir='ltr'>dignare,</span> <span class='ocrx_word' id='word_1_25' title='bbox 429 324 591 365; x_wconf 89' lang='lat' dir='ltr'>domine</span> <span class='ocrx_word' id='word_1_26' title='bbox 623 336 736 378; x_wconf 90' lang='lat' dir='ltr'>papa.</span> <span class='ocrx_word' id='word_1_27' title='bbox 1436 335 1441 339; x_wconf 93' lang='lat'>·</span> 
     </span>
    </p>
   </div>
   <div class='ocr_carea' id='block_1_4' title="bbox 370 477 1188 599">
    <p class='ocr_par' dir='ltr' id='par_1_4' title="bbox 370 477 1188 599">
     <span class='ocr_line' id='line_1_6' title="bbox 730 477 828 522; baseline 0 0"><span class='ocrx_word' id='word_1_28' title='bbox 730 477 828 522; x_wconf 89' lang='lat' dir='ltr'>XII.</span> 
     </span>
     <span class='ocr_line' id='line_1_7' title="bbox 370 559 1188 599; baseline 0.004 -3"><span class='ocrx_word' id='word_1_29' title='bbox 370 559 597 597; x_wconf 82' lang='lat' dir='ltr'>SIDONIUS</span> <span class='ocrx_word' id='word_1_30' title='bbox 622 560 798 598; x_wconf 87' lang='lat' dir='ltr'><strong>ORESIO</strong></span> <span class='ocrx_word' id='word_1_31' title='bbox 825 560 919 597; x_wconf 87' lang='lat' dir='ltr'>SUO</span> <span class='ocrx_word' id='word_1_32' title='bbox 946 559 1188 599; x_wconf 84' lang='lat' dir='ltr'><strong>SALUTEM.</strong></span> 
     </span>
    </p>
   </div>
   <div class='ocr_carea' id='block_1_5' title="bbox 92 635 1541 2018">
    <p class='ocr_par' dir='ltr' id='par_1_5' title="bbox 92 635 1541 2018">
     <span class='ocr_line' id='line_1_8' title="bbox 185 635 1525 692; baseline 0.001 -14"><span class='ocrx_word' id='word_1_33' title='bbox 185 635 224 678; x_wconf 90' lang='lat'>1.</span> <span class='ocrx_word' id='word_1_34' title='bbox 254 636 374 677; x_wconf 81' lang='lat' dir='ltr'><strong>Venit</strong></span> <span class='ocrx_word' id='word_1_35' title='bbox 404 638 447 677; x_wconf 91' lang='lat' dir='ltr'>in</span> <span class='ocrx_word' id='word_1_36' title='bbox 477 642 637 678; x_wconf 90' lang='lat' dir='ltr'>nostras</span> <span class='ocrx_word' id='word_1_37' title='bbox 669 650 691 677; x_wconf 93' lang='lat' dir='ltr'>a</span> <span class='ocrx_word' id='word_1_38' title='bbox 722 642 762 677; x_wconf 87' lang='lat' dir='ltr'>te</span> <span class='ocrx_word' id='word_1_39' title='bbox 794 638 974 690; x_wconf 81' lang='lat' dir='ltr'>profecta</span> <span class='ocrx_word' id='word_1_40' title='bbox 1004 640 1148 691; x_wconf 80' lang='lat' dir='ltr'>pagina</span> <span class='ocrx_word' id='word_1_41' title='bbox 1179 651 1335 692; x_wconf 89' lang='lat' dir='ltr'>manus,</span> <span class='ocrx_word' id='word_1_42' title='bbox 1367 651 1468 691; x_wconf 87' lang='lat' dir='ltr'>quae</span> <span class='ocrx_word' id='word_1_43' title='bbox 1507 651 1525 678; x_wconf 85' lang='lat'><strong>5</strong></span> 
     </span>
     <span class='ocr_line' id='line_1_9' title="bbox 92 697 1470 752; baseline 0.001 -14"><span class='ocrx_word' id='word_1_44' title='bbox 92 697 217 738; x_wconf 89' lang='lat' dir='ltr'>trahit</span> <span class='ocrx_word' id='word_1_45' title='bbox 240 697 408 738; x_wconf 85' lang='lat' dir='ltr'>multam</span> <span class='ocrx_word' id='word_1_46' title='bbox 435 697 741 738; x_wconf 90' lang='lat' dir='ltr'>similitudinem</span> <span class='ocrx_word' id='word_1_47' title='bbox 766 697 815 738; x_wconf 92' lang='lat' dir='ltr'>de</span> <span class='ocrx_word' id='word_1_48' title='bbox 842 697 924 738; x_wconf 91' lang='lat' dir='ltr'>sale</span> <span class='ocrx_word' id='word_1_49' title='bbox 948 697 1127 751; x_wconf 89' lang='lat' dir='ltr'>Hispano</span> <span class='ocrx_word' id='word_1_50' title='bbox 1153 700 1196 739; x_wconf 92' lang='lat' dir='ltr'>in</span> <span class='ocrx_word' id='word_1_51' title='bbox 1221 700 1327 752; x_wconf 86' lang='lat' dir='ltr'>iugis</span> <span class='ocrx_word' id='word_1_52' title='bbox 1353 711 1470 739; x_wconf 87' lang='lat' dir='ltr'>caeso</span> 
     </span>
     <span class='ocr_line' id='line_1_10' title="bbox 93 757 1541 813; baseline 0.001 -15"><span class='ocrx_word' id='word_1_53' title='bbox 93 757 476 799; x_wconf 88' lang='lat' dir='ltr'>Tarraconensibus.</span> <span class='ocrx_word' id='word_1_54' title='bbox 538 770 632 798; x_wconf 91' lang='lat' dir='ltr'>nam</span> <span class='ocrx_word' id='word_1_55' title='bbox 657 760 887 798; x_wconf 80' lang='lat' dir='ltr'>recensenti</span> <span class='ocrx_word' id='word_1_56' title='bbox 918 757 1051 799; x_wconf 90' lang='lat' dir='ltr'>lucida</span> <span class='ocrx_word' id='word_1_57' title='bbox 1082 765 1123 799; x_wconf 92' lang='lat' dir='ltr'>et</span> <span class='ocrx_word' id='word_1_58' title='bbox 1154 759 1258 800; x_wconf 89' lang='lat' dir='ltr'>salsa</span> <span class='ocrx_word' id='word_1_59' title='bbox 1289 764 1365 813; x_wconf 88' lang='lat' dir='ltr'>est,</span> <span class='ocrx_word' id='word_1_60' title='bbox 1395 771 1471 800; x_wconf 85' lang='lat' dir='ltr'>nec</span> <span class='ocrx_word' id='word_1_61' title='bbox 1526 793 1541 808; x_wconf 80' lang='grc'>,</span> 
     </span>
     <span class='ocr_line' id='line_1_11' title="bbox 95 817 1471 872; baseline 0 -13"><span class='ocrx_word' id='word_1_62' title='bbox 95 823 229 859; x_wconf 82' lang='lat' dir='ltr'>tamen</span> <span class='ocrx_word' id='word_1_63' title='bbox 259 822 427 872; x_wconf 87' lang='lat' dir='ltr'>propter</span> <span class='ocrx_word' id='word_1_64' title='bbox 456 818 534 859; x_wconf 91' lang='lat' dir='ltr'>hoc</span> <span class='ocrx_word' id='word_1_65' title='bbox 559 820 692 871; x_wconf 90' lang='lat' dir='ltr'>ipsum</span> <span class='ocrx_word' id='word_1_66' title='bbox 718 817 861 858; x_wconf 91' lang='lat' dir='ltr'>mellea</span> <span class='ocrx_word' id='word_1_67' title='bbox 885 820 1032 859; x_wconf 90' lang='lat' dir='ltr'>minus.</span> <span class='ocrx_word' id='word_1_68' title='bbox 1084 819 1155 860; x_wconf 90' lang='lat' dir='ltr'>sed</span> <span class='ocrx_word' id='word_1_69' title='bbox 1182 832 1314 860; x_wconf 92' lang='lat' dir='ltr'>sermo</span> <span class='ocrx_word' id='word_1_70' title='bbox 1341 819 1471 859; x_wconf 89' lang='lat' dir='ltr'>dulcis</span> 
     </span>
     <span class='ocr_line' id='line_1_12' title="bbox 96 877 1472 934; baseline 0.001 -16"><span class='ocrx_word' id='word_1_71' title='bbox 96 884 138 919; x_wconf 92' lang='lat' dir='ltr'>et</span> <span class='ocrx_word' id='word_1_72' title='bbox 166 877 512 932; x_wconf 88' lang='lat' dir='ltr'>propositionibus</span> <span class='ocrx_word' id='word_1_73' title='bbox 545 891 655 919; x_wconf 87' lang='lat' dir='ltr'>acer:</span> <span class='ocrx_word' id='word_1_74' title='bbox 700 880 759 918; x_wconf 88' lang='lat' dir='ltr'>sic</span> <span class='ocrx_word' id='word_1_75' title='bbox 797 880 906 919; x_wconf 91' lang='lat' dir='ltr'>enim</span> <span class='ocrx_word' id='word_1_76' title='bbox 943 879 1117 920; x_wconf 89' lang='lat' dir='ltr'>oblectat</span> <span class='ocrx_word' id='word_1_77' title='bbox 1153 879 1333 934; x_wconf 80' lang='lat' dir='ltr'>eloquio,</span> <span class='ocrx_word' id='word_1_78' title='bbox 1364 879 1472 932; x_wconf 90' lang='lat' dir='ltr'>quod</span> 
     </span>
     <span class='ocr_line' id='line_1_13' title="bbox 95 938 1528 995; baseline 0.001 -16"><span class='ocrx_word' id='word_1_79' title='bbox 95 938 233 979; x_wconf 87' lang='lat' dir='ltr'>turbat</span> <span class='ocrx_word' id='word_1_80' title='bbox 262 940 452 993; x_wconf 86' lang='lat' dir='ltr'>imperio,</span> <span class='ocrx_word' id='word_1_81' title='bbox 490 940 639 992; x_wconf 90' lang='lat' dir='ltr'>quippe</span> <span class='ocrx_word' id='word_1_82' title='bbox 678 940 749 992; x_wconf 87' lang='lat' dir='ltr'>qui</span> <span class='ocrx_word' id='word_1_83' title='bbox 778 952 922 992; x_wconf 89' lang='lat' dir='ltr'>parum</span> <span class='ocrx_word' id='word_1_84' title='bbox 960 941 1151 995; x_wconf 90' lang='lat' dir='ltr'>metiens,</span> <span class='ocrx_word' id='word_1_85' title='bbox 1189 940 1286 993; x_wconf 93' lang='lat' dir='ltr'>quid</span> <span class='ocrx_word' id='word_1_86' title='bbox 1318 940 1473 980; x_wconf 90' lang='lat' dir='ltr'>ordinis</span> <span class='ocrx_word' id='word_1_87' title='bbox 1492 953 1528 980; x_wconf 81' lang='grc' dir='ltr'>ιο</span> 
     </span>
     <span class='ocr_line' id='line_1_14' title="bbox 94 998 1472 1054; baseline 0.001 -15"><span class='ocrx_word' id='word_1_88' title='bbox 94 1010 228 1053; x_wconf 88' lang='lat' dir='ltr'>agam,</span> <span class='ocrx_word' id='word_1_89' title='bbox 270 1000 448 1039; x_wconf 88' lang='lat' dir='ltr'>carmina</span> <span class='ocrx_word' id='word_1_90' title='bbox 483 1011 514 1042; x_wconf 72' lang='lat' dir='ltr'>‚a</span> <span class='ocrx_word' id='word_1_91' title='bbox 562 998 682 1041; x_wconf 90' lang='lat' dir='ltr'>nobis</span> <span class='ocrx_word' id='word_1_92' title='bbox 725 1011 833 1040; x_wconf 88' lang='lat' dir='ltr'>nunc</span> <span class='ocrx_word' id='word_1_93' title='bbox 875 1012 977 1040; x_wconf 87' lang='lat' dir='ltr'>nova</span> <span class='ocrx_word' id='word_1_94' title='bbox 1019 1005 1140 1054; x_wconf 91' lang='lat' dir='ltr'>petat.</span> <span class='ocrx_word' id='word_1_95' title='bbox 1202 1002 1379 1054; x_wconf 90' lang='lat' dir='ltr'>primum</span> <span class='ocrx_word' id='word_1_96' title='bbox 1422 999 1472 1040; x_wconf 90' lang='lat' dir='ltr'>ab</span> 
     </span>
     <span class='ocr_line' id='line_1_15' title="bbox 95 1058 1472 1114; baseline 0.001 -15"><span class='ocrx_word' id='word_1_97' title='bbox 95 1058 262 1099; x_wconf 86' lang='lat' dir='ltr'>exordio</span> <span class='ocrx_word' id='word_1_98' title='bbox 293 1058 506 1112; x_wconf 81' lang='lat' dir='ltr'>religiosae</span> <span class='ocrx_word' id='word_1_99' title='bbox 538 1060 804 1112; x_wconf 83' lang='lat' dir='ltr'>professionis</span> <span class='ocrx_word' id='word_1_100' title='bbox 841 1060 937 1101; x_wconf 90' lang='lat' dir='ltr'>huic</span> <span class='ocrx_word' id='word_1_101' title='bbox 967 1060 1247 1114; x_wconf 82' lang='lat' dir='ltr'>principaliter</span> <span class='ocrx_word' id='word_1_102' title='bbox 1278 1062 1472 1101; x_wconf 85' lang='lat' dir='ltr'>exercitio</span> 
     </span>
     <span class='ocr_line' id='line_1_16' title="bbox 95 1119 1474 1175; baseline 0.001 -16"><span class='ocrx_word' id='word_1_103' title='bbox 95 1119 336 1173; x_wconf 81' lang='lat' dir='ltr'>renuntiavi,</span> <span class='ocrx_word' id='word_1_104' title='bbox 368 1121 461 1172; x_wconf 91' lang='lat' dir='ltr'>quia</span> <span class='ocrx_word' id='word_1_105' title='bbox 492 1121 687 1160; x_wconf 92' lang='lat' dir='ltr'>nimirum</span> <span class='ocrx_word' id='word_1_106' title='bbox 718 1120 900 1161; x_wconf 80' lang='lat' dir='ltr'>facilitati</span> <span class='ocrx_word' id='word_1_107' title='bbox 930 1126 1069 1174; x_wconf 92' lang='lat' dir='ltr'>posset</span> <span class='ocrx_word' id='word_1_108' title='bbox 1099 1121 1405 1175; x_wconf 88' lang='lat' dir='ltr'>accommodari,</span> <span class='ocrx_word' id='word_1_109' title='bbox 1437 1122 1474 1161; x_wconf 88' lang='lat' dir='ltr'>si</span> 
     </span>
     <span class='ocr_line' id='line_1_17' title="bbox 95 1179 1474 1235; baseline 0.001 -15"><span class='ocrx_word' id='word_1_110' title='bbox 95 1191 160 1220; x_wconf 90' lang='lat' dir='ltr'>me</span> <span class='ocrx_word' id='word_1_111' title='bbox 193 1185 430 1233; x_wconf 86' lang='lat' dir='ltr'>occupasset</span> <span class='ocrx_word' id='word_1_112' title='bbox 465 1179 606 1220; x_wconf 84' lang='lat' dir='ltr'>levitas</span> <span class='ocrx_word' id='word_1_113' title='bbox 645 1192 854 1235; x_wconf 86' lang='lat' dir='ltr'>versuum,</span> <span class='ocrx_word' id='word_1_114' title='bbox 899 1194 1018 1234; x_wconf 91' lang='lat' dir='ltr'>quem</span> <span class='ocrx_word' id='word_1_115' title='bbox 1050 1183 1254 1235; x_wconf 88' lang='lat' dir='ltr'>respicere</span> <span class='ocrx_word' id='word_1_116' title='bbox 1286 1186 1474 1235; x_wconf 90' lang='lat' dir='ltr'>coeperat</span> 
     </span>
     <span class='ocr_line' id='line_1_18' title="bbox 96 1239 1529 1295; baseline 0.001 -15"><span class='ocrx_word' id='word_1_117' title='bbox 96 1241 271 1293; x_wconf 76' lang='lat' dir='ltr'>gravitas</span> <span class='ocrx_word' id='word_1_118' title='bbox 303 1241 517 1280; x_wconf 87' lang='lat' dir='ltr'>actionum.</span> <span class='ocrx_word' id='word_1_119' title='bbox 574 1239 613 1280; x_wconf 87' lang='lat'>2.</span> <span class='ocrx_word' id='word_1_120' title='bbox 646 1245 732 1280; x_wconf 90' lang='lat' dir='ltr'>tum</span> <span class='ocrx_word' id='word_1_121' title='bbox 762 1245 972 1294; x_wconf 86' lang='lat' dir='ltr'>praeterea</span> <span class='ocrx_word' id='word_1_122' title='bbox 1003 1247 1161 1282; x_wconf 89' lang='lat' dir='ltr'>constat</span> <span class='ocrx_word' id='word_1_123' title='bbox 1192 1254 1351 1282; x_wconf 91' lang='lat' dir='ltr'>omnem</span> <span class='ocrx_word' id='word_1_124' title='bbox 1379 1255 1472 1295; x_wconf 87' lang='lat' dir='ltr'>ope·</span> <span class='ocrx_word' id='word_1_125' title='bbox 1495 1255 1529 1282; x_wconf 84' lang='lat'>15</span> 
     </span>
     <span class='ocr_line' id='line_1_19' title="bbox 95 1299 1473 1356; baseline 0.001 -16"><span class='ocrx_word' id='word_1_126' title='bbox 95 1312 195 1354; x_wconf 87' lang='lat' dir='ltr'>ram,</span> <span class='ocrx_word' id='word_1_127' title='bbox 226 1301 262 1340; x_wconf 87' lang='lat' dir='ltr'>si</span> <span class='ocrx_word' id='word_1_128' title='bbox 292 1299 410 1353; x_wconf 86' lang='lat' dir='ltr'>longa</span> <span class='ocrx_word' id='word_1_129' title='bbox 435 1301 736 1354; x_wconf 87' lang='lat' dir='ltr'>intercapedine</span> <span class='ocrx_word' id='word_1_130' title='bbox 769 1303 961 1355; x_wconf 84' lang='lat' dir='ltr'>quiescat,</span> <span class='ocrx_word' id='word_1_131' title='bbox 992 1315 1111 1355; x_wconf 87' lang='lat' dir='ltr'>aegre</span> <span class='ocrx_word' id='word_1_132' title='bbox 1142 1304 1306 1343; x_wconf 87' lang='lat' dir='ltr'>resumi.</span> <span class='ocrx_word' id='word_1_133' title='bbox 1365 1303 1473 1356; x_wconf 90' lang='lat' dir='ltr'>quis—</span> 
     </span>
     <span class='ocr_line' id='line_1_20' title="bbox 96 1361 1472 1414; baseline 0.002 -14"><span class='ocrx_word' id='word_1_134' title='bbox 96 1373 189 1400; x_wconf 90' lang='lat' dir='ltr'>nam</span> <span class='ocrx_word' id='word_1_135' title='bbox 221 1361 329 1400; x_wconf 88' lang='lat' dir='ltr'>enim</span> <span class='ocrx_word' id='word_1_136' title='bbox 360 1362 520 1414; x_wconf 85' lang='lat' dir='ltr'>ignoret</span> <span class='ocrx_word' id='word_1_137' title='bbox 551 1363 707 1401; x_wconf 89' lang='lat' dir='ltr'>cunctis</span> <span class='ocrx_word' id='word_1_138' title='bbox 733 1367 801 1402; x_wconf 91' lang='lat' dir='ltr'>aut</span> <span class='ocrx_word' id='word_1_139' title='bbox 825 1361 1048 1403; x_wconf 87' lang='lat' dir='ltr'>artificibus</span> <span class='ocrx_word' id='word_1_140' title='bbox 1074 1367 1143 1403; x_wconf 90' lang='lat' dir='ltr'>aut</span> <span class='ocrx_word' id='word_1_141' title='bbox 1167 1362 1322 1403; x_wconf 86' lang='lat' dir='ltr'>artibus</span> <span class='ocrx_word' id='word_1_142' title='bbox 1348 1364 1472 1403; x_wconf 83' lang='lat' dir='ltr'>maxi-</span> 
     </span>
     <span class='ocr_line' id='line_1_21' title="bbox 96 1420 1472 1475; baseline 0.002 -15"><span class='ocrx_word' id='word_1_143' title='bbox 96 1432 208 1460; x_wconf 92' lang='lat' dir='ltr'>mum</span> <span class='ocrx_word' id='word_1_144' title='bbox 239 1420 363 1460; x_wconf 88' lang='lat' dir='ltr'>decus</span> <span class='ocrx_word' id='word_1_145' title='bbox 394 1433 471 1461; x_wconf 89' lang='lat' dir='ltr'>usu</span> <span class='ocrx_word' id='word_1_146' title='bbox 502 1422 653 1475; x_wconf 83' lang='lat' dir='ltr'>venire,</span> <span class='ocrx_word' id='word_1_147' title='bbox 687 1434 862 1474; x_wconf 90' lang='lat' dir='ltr'>cumque</span> <span class='ocrx_word' id='word_1_148' title='bbox 893 1422 1026 1463; x_wconf 89' lang='lat' dir='ltr'>studia</span> <span class='ocrx_word' id='word_1_149' title='bbox 1058 1428 1250 1463; x_wconf 89' lang='lat' dir='ltr'>consueta</span> <span class='ocrx_word' id='word_1_150' title='bbox 1281 1435 1361 1463; x_wconf 91' lang='lat' dir='ltr'>non</span> <span class='ocrx_word' id='word_1_151' title='bbox 1393 1423 1472 1463; x_wconf 81' lang='lat' dir='ltr'>sre-</span> 
     </span>
     <span class='ocr_line' id='line_1_22' title="bbox 97 1479 1472 1537; baseline 0.003 -17"><span class='ocrx_word' id='word_1_152' title='bbox 97 1484 360 1534; x_wconf 90' lang='lat' dir='ltr'>quentantur‚</span> <span class='ocrx_word' id='word_1_153' title='bbox 409 1479 571 1521; x_wconf 89' lang='lat' dir='ltr'>brachia</span> <span class='ocrx_word' id='word_1_154' title='bbox 602 1482 644 1520; x_wconf 91' lang='lat' dir='ltr'>in</span> <span class='ocrx_word' id='word_1_155' title='bbox 676 1482 932 1537; x_wconf 79' lang='lat' dir='ltr'>corporibus,</span> <span class='ocrx_word' id='word_1_156' title='bbox 975 1484 1136 1536; x_wconf 86' lang='lat' dir='ltr'>ingenia</span> <span class='ocrx_word' id='word_1_157' title='bbox 1167 1485 1397 1536; x_wconf 88' lang='lat' dir='ltr'>pigrescere</span> <span class='ocrx_word' id='word_1_158' title='bbox 1430 1485 1472 1524; x_wconf 89' lang='lat' dir='ltr'>in</span> 
     </span>
     <span class='ocr_line' id='line_1_23' title="bbox 99 1538 1528 1596; baseline 0.003 -16"><span class='ocrx_word' id='word_1_159' title='bbox 99 1538 283 1581; x_wconf 76' lang='lat' dir='ltr'>artibus?</span> <span class='ocrx_word' id='word_1_160' title='bbox 323 1540 430 1580; x_wconf 91' lang='lat' dir='ltr'>unde</span> <span class='ocrx_word' id='word_1_161' title='bbox 463 1545 526 1581; x_wconf 91' lang='lat' dir='ltr'>est</span> <span class='ocrx_word' id='word_1_162' title='bbox 557 1546 597 1581; x_wconf 91' lang='lat' dir='ltr'>et</span> <span class='ocrx_word' id='word_1_163' title='bbox 627 1540 744 1595; x_wconf 89' lang='lat' dir='ltr'>illud,</span> <span class='ocrx_word' id='word_1_164' title='bbox 777 1542 883 1595; x_wconf 91' lang='lat' dir='ltr'>quod</span> <span class='ocrx_word' id='word_1_165' title='bbox 916 1555 1007 1583; x_wconf 90' lang='lat' dir='ltr'>sero</span> <span class='ocrx_word' id='word_1_166' title='bbox 1039 1548 1250 1596; x_wconf 86' lang='lat' dir='ltr'>correptus</span> <span class='ocrx_word' id='word_1_167' title='bbox 1282 1549 1351 1584; x_wconf 89' lang='lat' dir='ltr'>aut</span> <span class='ocrx_word' id='word_1_168' title='bbox 1380 1556 1472 1584; x_wconf 88' lang='lat' dir='ltr'>raro</span> <span class='ocrx_word' id='word_1_169' title='bbox 1493 1558 1528 1584; x_wconf 81' lang='lat'>20</span> 
     </span>
     <span class='ocr_line' id='line_1_24' title="bbox 97 1600 1473 1657; baseline 0.003 -17"><span class='ocrx_word' id='word_1_170' title='bbox 97 1600 189 1654; x_wconf 90' lang='lat' dir='ltr'>plus</span> <span class='ocrx_word' id='word_1_171' title='bbox 220 1613 337 1641; x_wconf 90' lang='lat' dir='ltr'>arcus</span> <span class='ocrx_word' id='word_1_172' title='bbox 369 1602 518 1655; x_wconf 84' lang='lat' dir='ltr'>manui,</span> <span class='ocrx_word' id='word_1_173' title='bbox 549 1602 643 1654; x_wconf 88' lang='lat' dir='ltr'>iugo</span> <span class='ocrx_word' id='word_1_174' title='bbox 668 1601 755 1656; x_wconf 90' lang='lat' dir='ltr'>bos,</span> <span class='ocrx_word' id='word_1_175' title='bbox 780 1615 909 1655; x_wconf 90' lang='lat' dir='ltr'>equus</span> <span class='ocrx_word' id='word_1_176' title='bbox 935 1603 1051 1643; x_wconf 76' lang='lat' dir='ltr'>freno</span> <span class='ocrx_word' id='word_1_177' title='bbox 1076 1603 1254 1644; x_wconf 85' lang='lat' dir='ltr'>rebellat.</span> <span class='ocrx_word' id='word_1_178' title='bbox 1305 1605 1473 1657; x_wconf 88' lang='lat' dir='ltr'>insuper</span> 
     </span>
     <span class='ocr_line' id='line_1_25' title="bbox 99 1660 1472 1704; baseline 0.002 -3"><span class='ocrx_word' id='word_1_179' title='bbox 99 1660 278 1701; x_wconf 86' lang='lat' dir='ltr'>desidiae</span> <span class='ocrx_word' id='word_1_180' title='bbox 316 1666 477 1702; x_wconf 90' lang='lat' dir='ltr'>nostrae</span> <span class='ocrx_word' id='word_1_181' title='bbox 509 1661 750 1702; x_wconf 83' lang='lat' dir='ltr'>verecundia</span> <span class='ocrx_word' id='word_1_182' title='bbox 783 1675 918 1703; x_wconf 88' lang='lat' dir='ltr'>comes</span> <span class='ocrx_word' id='word_1_183' title='bbox 951 1663 1000 1703; x_wconf 88' lang='lat' dir='ltr'>ad</span> <span class='ocrx_word' id='word_1_184' title='bbox 1031 1663 1108 1704; x_wconf 89' lang='lat' dir='ltr'>hoc</span> <span class='ocrx_word' id='word_1_185' title='bbox 1140 1665 1381 1704; x_wconf 89' lang='lat' dir='ltr'>sententiam</span> <span class='ocrx_word' id='word_1_186' title='bbox 1412 1666 1472 1704; x_wconf 91' lang='lat' dir='ltr'>in-</span> 
     </span>
     <span class='ocr_line' id='line_1_26' title="bbox 99 1720 1474 1778; baseline 0.002 -17"><span class='ocrx_word' id='word_1_187' title='bbox 99 1720 234 1776; x_wconf 88' lang='lat' dir='ltr'>clinat,</span> <span class='ocrx_word' id='word_1_188' title='bbox 258 1727 303 1761; x_wconf 89' lang='lat' dir='ltr'>ut</span> <span class='ocrx_word' id='word_1_189' title='bbox 328 1733 405 1775; x_wconf 90' lang='lat' dir='ltr'>me,</span> <span class='ocrx_word' id='word_1_190' title='bbox 430 1726 642 1774; x_wconf 90' lang='lat' dir='ltr'>postquam</span> <span class='ocrx_word' id='word_1_191' title='bbox 668 1723 710 1762; x_wconf 91' lang='lat' dir='ltr'>in</span> <span class='ocrx_word' id='word_1_192' title='bbox 738 1722 898 1764; x_wconf 86' lang='lat' dir='ltr'>silentio</span> <span class='ocrx_word' id='word_1_193' title='bbox 925 1723 1086 1764; x_wconf 88' lang='lat' dir='ltr'>decurri</span> <span class='ocrx_word' id='word_1_194' title='bbox 1111 1729 1196 1764; x_wconf 89' lang='lat' dir='ltr'>tres</span> <span class='ocrx_word' id='word_1_195' title='bbox 1216 1723 1474 1778; x_wconf 52' lang='lat' dir='ltr'>olympiadas,</span> 
     </span>
     <span class='ocr_line' id='line_1_27' title="bbox 99 1781 1473 1837; baseline 0.002 -16"><span class='ocrx_word' id='word_1_196' title='bbox 99 1786 180 1822; x_wconf 86' lang='lat' dir='ltr'>tam</span> <span class='ocrx_word' id='word_1_197' title='bbox 211 1781 360 1835; x_wconf 90' lang='lat' dir='ltr'>pudeat</span> <span class='ocrx_word' id='word_1_198' title='bbox 390 1794 537 1822; x_wconf 87' lang='lat' dir='ltr'>novum</span> <span class='ocrx_word' id='word_1_199' title='bbox 568 1794 711 1835; x_wconf 90' lang='lat' dir='ltr'>poema</span> <span class='ocrx_word' id='word_1_200' title='bbox 742 1783 942 1824; x_wconf 86' lang='lat' dir='ltr'>conficere</span> <span class='ocrx_word' id='word_1_201' title='bbox 975 1796 1094 1836; x_wconf 90' lang='lat' dir='ltr'>quam</span> <span class='ocrx_word' id='word_1_202' title='bbox 1126 1786 1270 1837; x_wconf 90' lang='lat' dir='ltr'>pigeat.</span> <span class='ocrx_word' id='word_1_203' title='bbox 1323 1783 1362 1826; x_wconf 88' lang='lat'>3.</span> <span class='ocrx_word' id='word_1_204' title='bbox 1395 1784 1473 1824; x_wconf 92' lang='lat' dir='ltr'>huc</span> 
     </span>
     <span class='ocr_line' id='line_1_28' title="bbox 99 1842 1528 1898; baseline 0.003 -17"><span class='ocrx_word' id='word_1_205' title='bbox 99 1843 197 1881; x_wconf 90' lang='lat' dir='ltr'>item</span> <span class='ocrx_word' id='word_1_206' title='bbox 228 1842 340 1882; x_wconf 79' lang='lat' dir='ltr'>nefas</span> <span class='ocrx_word' id='word_1_207' title='bbox 373 1843 494 1882; x_wconf 88' lang='lat' dir='ltr'>etiam</span> <span class='ocrx_word' id='word_1_208' title='bbox 526 1842 706 1883; x_wconf 87' lang='lat' dir='ltr'>difficilia</span> <span class='ocrx_word' id='word_1_209' title='bbox 732 1843 839 1884; x_wconf 85' lang='lat' dir='ltr'>sactu</span> <span class='ocrx_word' id='word_1_210' title='bbox 864 1843 940 1883; x_wconf 90' lang='lat' dir='ltr'>tibi</span> <span class='ocrx_word' id='word_1_211' title='bbox 965 1846 1117 1898; x_wconf 87' lang='lat' dir='ltr'>negari,</span> <span class='ocrx_word' id='word_1_212' title='bbox 1143 1846 1259 1885; x_wconf 89' lang='lat' dir='ltr'>cuius</span> <span class='ocrx_word' id='word_1_213' title='bbox 1285 1845 1472 1885; x_wconf 81' lang='lat' dir='ltr'>affectum</span> <span class='ocrx_word' id='word_1_214' title='bbox 1492 1857 1528 1884; x_wconf 77' lang='lat'>25</span> 
     </span>
     <span class='ocr_line' id='line_1_29' title="bbox 98 1902 1475 1958; baseline 0.003 -17"><span class='ocrx_word' id='word_1_215' title='bbox 98 1906 209 1942; x_wconf 87' lang='lat' dir='ltr'>tanto</span> <span class='ocrx_word' id='word_1_216' title='bbox 240 1903 375 1942; x_wconf 89' lang='lat' dir='ltr'>minus</span> <span class='ocrx_word' id='word_1_217' title='bbox 408 1902 541 1955; x_wconf 89' lang='lat' dir='ltr'>decipi</span> <span class='ocrx_word' id='word_1_218' title='bbox 573 1903 701 1957; x_wconf 85' lang='lat' dir='ltr'>decet,</span> <span class='ocrx_word' id='word_1_219' title='bbox 734 1909 882 1956; x_wconf 91' lang='lat' dir='ltr'>quanto</span> <span class='ocrx_word' id='word_1_220' title='bbox 910 1906 1160 1945; x_wconf 90' lang='lat' dir='ltr'>constantius</span> <span class='ocrx_word' id='word_1_221' title='bbox 1187 1905 1245 1944; x_wconf 92' lang='lat' dir='ltr'>nil</span> <span class='ocrx_word' id='word_1_222' title='bbox 1271 1904 1475 1958; x_wconf 90' lang='lat' dir='ltr'>repulsam</span> 
     </span>
     <span class='ocr_line' id='line_1_30' title="bbox 99 1961 1474 2018; baseline 0.003 -17"><span class='ocrx_word' id='word_1_223' title='bbox 99 1966 272 2002; x_wconf 71' lang='lat' dir='ltr'>veretur.</span> <span class='ocrx_word' id='word_1_224' title='bbox 329 1961 556 2002; x_wconf 90' lang='lat' dir='ltr'>tenebimus</span> <span class='ocrx_word' id='word_1_225' title='bbox 590 1964 712 2016; x_wconf 87' lang='lat' dir='ltr'>igitur</span> <span class='ocrx_word' id='word_1_226' title='bbox 744 1966 949 2018; x_wconf 87' lang='lat' dir='ltr'>quippiam</span> <span class='ocrx_word' id='word_1_227' title='bbox 981 1965 1159 2005; x_wconf 87' lang='lat' dir='ltr'>medium</span> <span class='ocrx_word' id='word_1_228' title='bbox 1186 1971 1226 2005; x_wconf 88' lang='lat' dir='ltr'>et</span> <span class='ocrx_word' id='word_1_229' title='bbox 1259 1967 1364 2006; x_wconf 89' lang='lat' dir='ltr'>sicut</span> <span class='ocrx_word' id='word_1_230' title='bbox 1390 1967 1474 2018; x_wconf 89' lang='lat' dir='ltr'>epi-</span> 
     </span>
    </p>
   </div>
   <div class='ocr_carea' id='block_1_6' title="bbox 101 2089 1477 2333">
    <p class='ocr_par' dir='ltr' id='par_1_6' title="bbox 101 2089 1477 2333">
     <span class='ocr_line' id='line_1_31' title="bbox 198 2089 1473 2139; baseline 0.004 -14"><span class='ocrx_word' id='word_1_231' title='bbox 198 2093 219 2125; x_wconf 82' lang='lat'>2</span> <span class='ocrx_word' id='word_1_232' title='bbox 245 2089 389 2126; x_wconf 73' lang='lat' dir='ltr'>feratur</span> <span class='ocrx_word' id='word_1_233' title='bbox 414 2090 452 2125; x_wconf 93' lang='lat' dir='ltr'><em>P</em></span> <span class='ocrx_word' id='word_1_234' title='bbox 473 2095 508 2127; x_wconf 82' lang='lat' dir='ltr'>et</span> <span class='ocrx_word' id='word_1_235' title='bbox 532 2102 625 2127; x_wconf 81' lang='lat' dir='ltr'>corr.</span> <span class='ocrx_word' id='word_1_236' title='bbox 648 2102 694 2128; x_wconf 73' lang='lat' dir='ltr'>ex</span> <span class='ocrx_word' id='word_1_237' title='bbox 718 2091 861 2128; x_wconf 85' lang='lat' dir='ltr'>feretur</span> <span class='ocrx_word' id='word_1_238' title='bbox 879 2093 930 2129; x_wconf 85' lang='lat' dir='ltr'><strong><em>M</em></strong></span> <span class='ocrx_word' id='word_1_239' title='bbox 934 2093 954 2139; x_wconf 83' lang='lat'>¹,</span> <span class='ocrx_word' id='word_1_240' title='bbox 980 2092 1173 2129; x_wconf 73' lang='lat' dir='ltr'>*ferretur</span> <span class='ocrx_word' id='word_1_241' title='bbox 1198 2094 1236 2139; x_wconf 82' lang='lat' dir='ltr'>(a</span> <span class='ocrx_word' id='word_1_242' title='bbox 1260 2097 1304 2130; x_wconf 84' lang='lat' dir='ltr'>ut</span> <span class='ocrx_word' id='word_1_243' title='bbox 1328 2105 1361 2130; x_wconf 84' lang='lat' dir='ltr'>v.</span> <span class='ocrx_word' id='word_1_244' title='bbox 1381 2104 1473 2130; x_wconf 82' lang='lat' dir='ltr'>eras.</span> 
     </span>
     <span class='ocr_line' id='line_1_32' title="bbox 103 2137 1475 2187; baseline 0.002 -13"><span class='ocrx_word' id='word_1_245' title='bbox 103 2137 213 2183; x_wconf 81' lang='lat'>0¹)0,</span> <span class='ocrx_word' id='word_1_246' title='bbox 236 2137 399 2174; x_wconf 85' lang='lat' dir='ltr'>ferretur</span> <span class='ocrx_word' id='word_1_247' title='bbox 423 2138 466 2174; x_wconf 81' lang='lat' dir='ltr'><strong><em>F</em></strong></span> <span class='ocrx_word' id='word_1_248' title='bbox 481 2140 494 2185; x_wconf 79' lang='grc' dir='ltr'>ΙΙ</span> <span class='ocrx_word' id='word_1_249' title='bbox 514 2142 535 2174; x_wconf 91' lang='grc'><strong>6</strong></span> <span class='ocrx_word' id='word_1_250' title='bbox 561 2139 722 2186; x_wconf 80' lang='lat' dir='ltr'>hispano</span> <span class='ocrx_word' id='word_1_251' title='bbox 747 2151 841 2177; x_wconf 80' lang='lat' dir='ltr'>corr.</span> <span class='ocrx_word' id='word_1_252' title='bbox 866 2142 910 2177; x_wconf 76' lang='lat' dir='ltr'>in</span> <span class='ocrx_word' id='word_1_253' title='bbox 934 2140 1134 2187; x_wconf 83' lang='lat' dir='ltr'>hispanico</span> <span class='ocrx_word' id='word_1_254' title='bbox 1163 2142 1209 2176; x_wconf 87' lang='lat' dir='ltr'><em>M</em></span> <span class='ocrx_word' id='word_1_255' title='bbox 1218 2142 1240 2185; x_wconf 90' lang='lat'>¹,</span> <span class='ocrx_word' id='word_1_256' title='bbox 1275 2140 1475 2187; x_wconf 74' lang='lat' dir='ltr'>hispanico</span> 
     </span>
     <span class='ocr_line' id='line_1_33' title="bbox 102 2185 1474 2234; baseline 0.003 -13"><span class='ocrx_word' id='word_1_257' title='bbox 102 2185 141 2221; x_wconf 88' lang='lat' dir='ltr'><em>P</em></span> <span class='ocrx_word' id='word_1_258' title='bbox 167 2187 180 2232; x_wconf 84' lang='grc' dir='ltr'>ΙΙ</span> <span class='ocrx_word' id='word_1_259' title='bbox 210 2189 232 2221; x_wconf 88' lang='grc'>8</span> <span class='ocrx_word' id='word_1_260' title='bbox 257 2185 383 2222; x_wconf 84' lang='lat' dir='ltr'>minus</span> <span class='ocrx_word' id='word_1_261' title='bbox 409 2186 476 2222; x_wconf 86' lang='lat' dir='ltr'>sed</span> <span class='ocrx_word' id='word_1_262' title='bbox 504 2186 549 2232; x_wconf 83' lang='grc' dir='ltr'>Ο,</span> <span class='ocrx_word' id='word_1_263' title='bbox 581 2187 705 2224; x_wconf 82' lang='lat' dir='ltr'>minus</span> <span class='ocrx_word' id='word_1_264' title='bbox 737 2188 771 2223; x_wconf 79' lang='lat' dir='ltr'>si</span> <span class='ocrx_word' id='word_1_265' title='bbox 803 2191 914 2234; x_wconf 82' lang='lat' dir='ltr'>(corr.</span> <span class='ocrx_word' id='word_1_266' title='bbox 939 2191 982 2225; x_wconf 80' lang='lat' dir='ltr'>in</span> <span class='ocrx_word' id='word_1_267' title='bbox 1012 2189 1137 2224; x_wconf 85' lang='lat' dir='ltr'>minus</span> <span class='ocrx_word' id='word_1_268' title='bbox 1164 2189 1317 2234; x_wconf 84' lang='lat' dir='ltr'>M¹)M,</span> <span class='ocrx_word' id='word_1_269' title='bbox 1349 2188 1474 2225; x_wconf 84' lang='lat' dir='ltr'>minus</span> 
     </span>
     <span class='ocr_line' id='line_1_34' title="bbox 101 2234 1477 2283; baseline 0.004 -14"><span class='ocrx_word' id='word_1_270' title='bbox 101 2235 185 2277; x_wconf 84' lang='lat' dir='ltr'>(om.</span> <span class='ocrx_word' id='word_1_271' title='bbox 213 2234 295 2280; x_wconf 78' lang='lat' dir='ltr'>sed)</span> <span class='ocrx_word' id='word_1_272' title='bbox 321 2234 406 2271; x_wconf 88' lang='lat' dir='ltr'>PF</span> <span class='ocrx_word' id='word_1_273' title='bbox 421 2237 433 2281; x_wconf 81' lang='grc' dir='ltr'>Ι</span> <span class='ocrx_word' id='word_1_274' title='bbox 453 2238 474 2270; x_wconf 89' lang='grc'><strong>9</strong></span> <span class='ocrx_word' id='word_1_275' title='bbox 500 2236 555 2282; x_wconf 81' lang='lat' dir='ltr'>et]</span> <span class='ocrx_word' id='word_1_276' title='bbox 583 2246 603 2271; x_wconf 92' lang='lat' dir='ltr'>e</span> <span class='ocrx_word' id='word_1_277' title='bbox 623 2236 829 2273; x_wconf 75' lang='lat' dir='ltr'>Mommsen</span> <span class='ocrx_word' id='word_1_278' title='bbox 850 2239 855 2281; x_wconf 89' lang='grc' dir='ltr'>Ι</span> <span class='ocrx_word' id='word_1_279' title='bbox 877 2237 1344 2283; x_wconf 78' lang='lat' dir='ltr'>praepositionibus.MP</span> <span class='ocrx_word' id='word_1_280' title='bbox 1362 2238 1368 2283; x_wconf 92' lang='grc'>1</span> <span class='ocrx_word' id='word_1_281' title='bbox 1390 2239 1477 2275; x_wconf 77' lang='lat' dir='ltr'>acet</span> 
     </span>
     <span class='ocr_line' id='line_1_35' title="bbox 109 2281 1476 2333; baseline 0.003 -15"><span class='ocrx_word' id='word_1_282' title='bbox 109 2281 359 2319; x_wconf 77' lang='lat' dir='ltr'>Wilamowitz</span> <span class='ocrx_word' id='word_1_283' title='bbox 395 2285 408 2328; x_wconf 80' lang='grc' dir='ltr'>ΙΙ</span> <span class='ocrx_word' id='word_1_284' title='bbox 447 2287 488 2318; x_wconf 88' lang='grc'>11</span> <span class='ocrx_word' id='word_1_285' title='bbox 517 2283 617 2329; x_wconf 82' lang='lat' dir='ltr'>petit</span> <span class='ocrx_word' id='word_1_286' title='bbox 641 2284 725 2321; x_wconf 83' lang='lat' dir='ltr'>PF</span> <span class='ocrx_word' id='word_1_287' title='bbox 746 2289 781 2321; x_wconf 81' lang='lat' dir='ltr'>et</span> <span class='ocrx_word' id='word_1_288' title='bbox 804 2296 897 2322; x_wconf 81' lang='lat' dir='ltr'>corr.</span> <span class='ocrx_word' id='word_1_289' title='bbox 923 2297 969 2322; x_wconf 80' lang='lat' dir='ltr'>ex</span> <span class='ocrx_word' id='word_1_290' title='bbox 993 2287 1103 2331; x_wconf 75' lang='lat' dir='ltr'>petat</span> <span class='ocrx_word' id='word_1_291' title='bbox 1128 2285 1178 2321; x_wconf 86' lang='lat' dir='ltr'><strong><em>M</em></strong></span> <span class='ocrx_word' id='word_1_292' title='bbox 1182 2286 1193 2306; x_wconf 86' lang='lat'><em>¹</em></span> <span class='ocrx_word' id='word_1_293' title='bbox 1229 2287 1242 2332; x_wconf 74' lang='lat' dir='ltr'>u</span> <span class='ocrx_word' id='word_1_294' title='bbox 1281 2289 1325 2321; x_wconf 89' lang='lat'>13</span> <span class='ocrx_word' id='word_1_295' title='bbox 1350 2286 1476 2333; x_wconf 77' lang='lat' dir='ltr'>possit</span> 
     </span>
    </p>
   </div>
   <div class='ocr_carea' id='block_1_7' title="bbox 40 2331 1475 2379">
    <p class='ocr_par' dir='ltr' id='par_1_7' title="bbox 0 2331 1475 2379">
     <span class='ocr_line' id='line_1_36' title="bbox 40 2331 1475 2379; baseline 0.003 -13.864"><span class='ocrx_word' id='word_1_296' title='bbox 40 2347 57 2364; x_wconf 72' lang='grc' dir='ltr'><strong>ο</strong></span> <span class='ocrx_word' id='word_1_297' title='bbox 104 2332 214 2374; x_wconf 81' lang='lat' dir='ltr'>(corr.</span> <span class='ocrx_word' id='word_1_298' title='bbox 234 2332 277 2366; x_wconf 75' lang='lat' dir='ltr'>in</span> <span class='ocrx_word' id='word_1_299' title='bbox 300 2332 431 2376; x_wconf 82' lang='lat' dir='ltr'>posset</span> <span class='ocrx_word' id='word_1_300' title='bbox 456 2331 678 2376; x_wconf 81' lang='lat' dir='ltr'><em>M¹)MOF</em></span> <span class='ocrx_word' id='word_1_301' title='bbox 699 2334 713 2378; x_wconf 69' lang='grc' dir='ltr'><strong>ῃ</strong></span> <span class='ocrx_word' id='word_1_302' title='bbox 737 2335 785 2368; x_wconf 81' lang='lat'>20</span> <span class='ocrx_word' id='word_1_303' title='bbox 810 2335 849 2368; x_wconf 71' lang='lat' dir='ltr'>et</span> <span class='ocrx_word' id='word_1_304' title='bbox 874 2345 941 2370; x_wconf 86' lang='lat' dir='ltr'>om.</span> <span class='ocrx_word' id='word_1_305' title='bbox 966 2333 1085 2379; x_wconf 77' lang='lat'>01121</span> <span class='ocrx_word' id='word_1_306' title='bbox 1115 2333 1221 2369; x_wconf 84' lang='lat' dir='ltr'>arcui</span> <span class='ocrx_word' id='word_1_307' title='bbox 1244 2345 1378 2370; x_wconf 79' lang='lat' dir='ltr'>manus</span> <span class='ocrx_word' id='word_1_308' title='bbox 1405 2334 1475 2371; x_wconf 84' lang='lat' dir='ltr'>bos</span> 
     </span>
    </p>
   </div>
   <div class='ocr_carea' id='block_1_8' title="bbox 103 2375 1193 2429">
    <p class='ocr_par' dir='ltr' id='par_1_8' title="bbox 103 2375 1193 2429">
     <span class='ocr_line' id='line_1_37' title="bbox 103 2375 1193 2429; baseline 0.005 -16"><span class='ocrx_word' id='word_1_309' title='bbox 103 2375 194 2424; x_wconf 87' lang='lat' dir='ltr'>iugo</span> <span class='ocrx_word' id='word_1_310' title='bbox 222 2378 347 2426; x_wconf 71' lang='lat'>01124</span> <span class='ocrx_word' id='word_1_311' title='bbox 370 2378 443 2416; x_wconf 83' lang='lat' dir='ltr'>hue</span> <span class='ocrx_word' id='word_1_312' title='bbox 469 2382 578 2424; x_wconf 80' lang='lat' dir='ltr'>(corr.</span> <span class='ocrx_word' id='word_1_313' title='bbox 605 2381 648 2417; x_wconf 75' lang='lat' dir='ltr'>in</span> <span class='ocrx_word' id='word_1_314' title='bbox 671 2380 744 2417; x_wconf 88' lang='lat' dir='ltr'>hoc</span> <span class='ocrx_word' id='word_1_315' title='bbox 771 2381 956 2427; x_wconf 52' lang='lat' dir='ltr'>MDMC,</span> <span class='ocrx_word' id='word_1_316' title='bbox 984 2381 1054 2418; x_wconf 90' lang='lat' dir='ltr'>hoc</span> <span class='ocrx_word' id='word_1_317' title='bbox 1081 2381 1193 2429; x_wconf 76' lang='lat' dir='ltr'>PFn</span> 
     </span>
    </p>
   </div>
  </div>
 </body>
</html>
