1592 2612
159 156 248 199 230
546 205 551 209 .
667 152 814 189 LIBER
839 152 1017 190 NONUS.

156 257 299 297 vadum
344 267 510 309 quaero,
554 254 624 294 tali
667 256 821 294 iocatus
866 254 1153 306 epigrammate
1191 265 1266 305 per
1307 251 1532 294 turbulenti

156 322 268 369 terga
299 316 489 356 torrentis
521 315 583 355 his
618 314 749 355 saltim
780 313 951 366 pedibus
987 314 1161 353 incessi:

279 400 493 452 Praecipiti
524 398 642 438 modo
677 398 781 451 quod
815 397 994 438 decurrit
1028 398 1189 437 tramite
1213 396 1372 443 ,flumen

366 464 546 511 tempore
579 464 860 511 consumptum
892 459 972 497 iam
1004 459 1083 498 cito
1117 457 1287 498 deficiet.

122 562 139 588 5
158 544 232 584 hoc
265 546 299 584 si
330 555 534 596 recurras,
566 544 621 582 ita
652 542 816 595 legitur:

274 627 440 667 Deficiet
471 628 549 667 cito
581 628 660 666 iam
692 631 974 678 consumptum
1006 630 1188 679 tempore
1225 625 1376 686 flumen

364 688 522 727 tramite
555 687 733 727 decurrit
766 686 871 739 quod
903 686 1022 726 modo
1054 687 1280 739 praecipiti.

117 818 119 820 q
156 784 205 811 en
248 770 371 811 habes
415 783 574 825 versus,
620 783 793 823 quorum
844 769 1068 823 syllabatim
1118 772 1267 811 mirere
1317 771 1528 811 rationem.

155 836 333 871 ceterum
365 843 562 885 pompam,
596 843 715 883 quam
747 843 828 871 non
859 830 1020 884 habent,
1045 842 1126 870 non
1153 830 1384 875 docebunt..
1418 831 1528 872 suffi-

99 909 136 935 10
156 893 308 931 cienter
333 891 531 931 indicasse
558 903 621 931 me
655 893 851 945 suspicor,
878 891 983 944 quod
1010 895 1055 931 tu
1081 890 1370 943 requirendum
1389 892 1528 931 existi-

154 953 282 991 masti.
341 951 377 992 7.
412 951 541 991 simile
569 951 756 1003 quiddam
783 952 881 991 facis
913 955 953 991 et
984 953 1084 1005 ipse,
1111 953 1146 991 si
1177 953 1384 1004 proposita
1410 953 1529 992 resti-

156 1016 242 1051 tuas
263 1024 363 1064 eque
385 1011 541 1051 diverso
563 1024 663 1064 quae
684 1013 880 1064 repeteris
901 1012 1101 1064 expedias.
1146 1023 1318 1064 namque
1345 1012 1530 1052 imminet

154 1071 226 1111 tibi
259 1067 445 1111 thematis
478 1071 731 1111 celeberrimi
774 1073 904 1111 votiva
947 1071 1183 1126 redhibitio,
1221 1071 1308 1111 laus
1339 1071 1537 1129 videlicet⁴

154 1131 391 1184 peroranda,
431 1144 549 1183 quam
594 1131 795 1185 edideras,
840 1132 1023 1172 Caesaris
1054 1131 1157 1171 Iulii.
1221 1144 1323 1184 quae
1355 1133 1523 1172 materia

101 1208 135 1234 15
154 1196 234 1230 tam
266 1192 427 1243 grandis
460 1196 532 1245 est,
564 1196 608 1231 ut
634 1192 864 1232 studentum
898 1194 933 1232 si
965 1193 1056 1244 quis
1082 1191 1206 1232 fuerit
1230 1191 1298 1232 ille
1331 1193 1523 1244 copiosis-

132 1250 292 1305 ‘simus,
323 1251 424 1291 nihil
456 1251 626 1304 amplius
659 1253 700 1291 in
732 1254 818 1305 ipsa
850 1252 993 1292 debeat
1025 1264 1178 1306 cavere,
1204 1264 1324 1304 quam
1349 1264 1400 1292 ne
1428 1252 1525 1305 quid

154 1312 286 1351 minus
308 1311 435 1351 edicat.
497 1324 589 1351 nam
621 1313 656 1351 si
687 1314 922 1352 omittantur
954 1324 1054 1365 quae
1082 1312 1130 1352 de
1162 1310 1290 1352 titulis
1317 1311 1527 1352 dictatoris

154 1373 292 1411 invicti
321 1373 469 1424 scripta
494 1371 692 1412 Patavinis
720 1377 813 1412 sunt
838 1372 1120 1426 voluminibus,
1153 1373 1245 1425 quis
1278 1384 1400 1425 opera
1427 1372 1527 1412 Sue-

154 1433 265 1485 tonii,
298 1433 387 1483 quis
413 1431 582 1471 Iuventii
607 1432 798 1472 Martialis
824 1432 1032 1473 historiam
1061 1424 1199 1485 quisve
1226 1431 1275 1472 ad
1301 1436 1527 1479 extremum

74 1484 136 1533 ‘20
155 1490 266 1530 Balbi
299 1491 594 1543 ephemeridem
626 1492 743 1532 fando
777 1491 1086 1546 adaequaverit?
1143 1491 1181 1534 8.
1215 1492 1286 1532 sed
1311 1493 1393 1532 tuis
1420 1494 1525 1533 ceris

153 1550 250 1590 haec
300 1564 561 1592 reservamus.
632 1553 755 1592 officii
805 1555 931 1605 magis
982 1558 1044 1593 est
1093 1554 1224 1593 nostri
1274 1552 1526 1593 auditoribus

155 1623 313 1650 scamna
340 1611 590 1666 componere,
616 1625 854 1665 praeparare
877 1625 995 1653 aures
1021 1612 1249 1665 fragoribus
1270 1614 1526 1667 intonaturis,
1580 1627 1583 1631 ·

155 1671 327 1723 dumque
360 1670 527 1711 virtutes
559 1677 603 1712 tu
636 1673 736 1712 dicis
769 1672 931 1727 alienas,
963 1685 1036 1713 nos
1068 1678 1158 1713 tuas
1190 1673 1336 1713 dicere.
1393 1685 1524 1726 neque

154 1742 315 1771 vereare
347 1744 410 1771 me
445 1734 653 1784 quospiam
685 1733 839 1772 iudices
867 1733 1106 1773 Catonianos
1133 1733 1430 1787 advocaturum,
1457 1734 1527 1785 qui
1573 1738 1579 1746 '

101 1806 134 1832 25
154 1790 270 1829 modo
303 1791 510 1844 invidiam,
549 1792 667 1831 modo
700 1794 964 1844 ignorantiam
997 1806 1110 1833 suam
1141 1793 1267 1833 factae
1300 1793 1525 1833 severitatis

154 1850 346 1890 velamine
373 1856 518 1903 tegant.
571 1864 811 1904 quamquam
837 1855 1036 1906 imperitis
1062 1855 1178 1894 venia
1204 1851 1392 1907 debetur3
1418 1857 1525 1893 cete-

248 1993 268 2025 5
295 1989 367 2025 hoc
394 1990 537 2036 MPF,
563 1991 633 2026 hos
656 1991 687 2027 G
701 1992 713 2037 ΙΙ
735 1995 753 2026 7
775 1996 861 2038 post
885 1991 1093 2039 praecipiti
1118 1993 1183 2040 leq.
1204 1993 1248 2028 i‘n
1269 1991 1314 2029 0:
1341 1993 1391 2028 et.
1417 1991 1528 2028 Musa

156 2036 273 2072 michi
299 2049 431 2073 causas
457 2049 626 2074 memora
652 2051 725 2084 quo
753 2039 906 2075 numine
932 2040 1011 2076 leso
1032 2042 1085 2087 118
1113 2041 1176 2088 611]
1204 2051 1290 2076 6666
1313 2039 1368 2089 Ol
1389 2040 1525 2076 mirere

157 2084 233 2120 CF
255 2090 288 2122 et
313 2087 355 2121 in
379 2097 452 2122 γαε.
474 2087 547 2131 M1,
579 2085 782 2122 miscuere
811 2091 853 2132 (2
886 2088 955 2124 litt.
982 2100 1073 2125 eras.
1094 2088 1220 2134 P2)P,
1249 2088 1387 2124 rimare
1412 2088 1526 2125 Luet-

153 2133 308 2178 y'ohomn,
333 2133 489 2169 metiere
522 2135 768 2171 Wilamowitz
787 2137 798 2182 ΙΙ
821 2139 863 2171 10
889 2137 932 2171 tu
951 2136 1042 2182 PF,
1069 2139 1108 2172 te
1134 2148 1226 2173 corr.
1253 2137 1296 2172 in
1319 2137 1362 2172 tu
1383 2136 1460 2182 M1,
1485 2137 1525 2172 te

158 2179 278 2226 01112
307 2181 482 2217 imminet
514 2182 772 2228 Wilamowitz,
803 2183 945 2219 eminet
969 2186 1072 2221 codd.
1100 2187 1112 2230 ss
1139 2188 1185 2220 14
1209 2195 1324 2229 quam
1350 2183 1525 2220 edideras

157 2227 250 2273 PF,
283 2240 396 2273 quam
422 2229 588 2265 idideras
620 2230 801 2278 (idideras
832 2233 875 2267 in
899 2244 972 2268 ras.
993 2233 1143 2279 M1)M,
1174 2242 1271 2278 quae
1298 2231 1456 2268 dederas
1486 2231 1524 2278 0,

158 2286 271 2319 quam
292 2276 461 2312 edixeras
483 2278 728 2314 Wilamowitz
747 2282 759 2323 ΙΙ
781 2282 823 2313 17
845 2279 1087 2316 dimittantur
1109 2281 1157 2327 F,
1178 2278 1413 2315 demitantur
1431 2291 1524 2317 corr.
1575 2300 1592 2307 s

156 2324 198 2358 in
226 2323 451 2359 (limitantur
473 2326 517 2361 02
536 2327 548 2370 ΙΙ
567 2330 610 2361 21
639 2325 761 2361 nostri
787 2328 845 2361 est
865 2327 954 2363 MP
969 2330 981 2373 u
1001 2332 1045 2363 22
1072 2328 1314 2369 intonaturas
1333 2329 1387 2365 ed.
1409 2327 1525 2365 Sava·

156 2372 260 2407 rom‘s
279 2374 290 2417 ΙΙ
310 2375 355 2407 23
376 2378 463 2418 post
488 2384 555 2408 nos
582 2374 647 2421 leq.
674 2373 876 2410 moliamur
900 2377 941 2411 in
963 2376 1021 2422 011
1041 2380 1086 2412 25
1111 2377 1223 2412 fictae
1243 2375 1281 2411 P
1302 2380 1336 2413 et
1360 2387 1452 2413 corr.
1479 2387 1526 2413 ex

153 2420 277 2455 factae
303 2425 345 2456 ut
369 2432 400 2457 v.
422 2421 472 2455 M
475 2422 482 2440 ¹
503 2422 515 2467 ΙΙ
1158 2439 1161 2442 >
