1592 2612
340 115 574 156 SIDONIUS
600 113 850 153 SIMPLIGIO
877 113 972 151 SUO
1000 106 1244 150 SALUTEM.
1429 111 1489 155 63

95 227 234 264 torum
287 219 457 262 consilia
506 219 748 272 decummt,
799 218 922 257 sicuti
970 228 1081 257 nunc
1130 216 1193 255 vir
1238 214 1490 255 clarissimus

95 282 353 336 Theodorus,
390 281 501 321 domi
532 279 698 333 quidem
728 277 896 332 nobilis,
932 277 1003 317 sed
1035 276 1360 317 modestissimae
1393 286 1490 315 con-

96 344 341 385 versationis
373 342 565 395 opinione
597 341 852 393 generosior,
890 340 961 392 qui
998 350 1075 391 per
1104 337 1263 378 litteras
1294 348 1407 376 meas
1440 335 1490 375 ad

96 410 189 446 tuas
232 404 408 456 litteras,
451 401 494 442 id
538 406 602 442 est
646 401 695 441 ad
738 401 1063 440 meracissimum
1103 399 1298 439 scientiae
1336 397 1489 437 fontem

100 464 294 507 laudabili
324 463 514 504 aviditate
545 462 839 515 proficiscitur,
870 473 953 500 non
985 460 1105 500 modo
1138 464 1379 512 reperturus
1406 456 1490 497 illie
1528 467 1546 494 5

98 528 187 580 ipse
214 524 322 579 quod
348 524 478 564 discat
504 523 575 563 sed
602 527 643 563 et
661 523 832 562 forsitan
852 520 1055 562 relaturus
1081 520 1175 560 inde
1203 519 1312 573 quod
1338 519 1491 559 doceat.

100 586 141 628 2.
174 588 242 628 cui
272 590 414 627 contra
444 589 632 638 potentes
665 584 957 636 factiososque,
996 583 1033 622 si
1065 586 1200 621 vestra
1231 581 1379 633 peritia
1409 591 1492 619 non

100 647 355 689 abundanter
386 644 670 699 opitularetur,
700 644 917 698 prudentia
949 642 1134 683 consulta
1167 641 1385 682 sufficeret.
1428 652 1492 680 re-

100 708 310 763 spondete,
342 705 617 760 obsecramus,
648 706 730 746 nisi
761 704 877 745 vobis
902 709 1040 744 tamen
1065 704 1280 756 utriusque
1306 705 1494 742 nostrum

101 771 235 811 sociae
272 779 418 822 preces
456 768 572 806 oneri
607 766 818 806 fastidiove
858 764 1175 818 reputabuntur,
1213 762 1365 803 iudicio
1405 773 1492 815 suo,
1513 772 1548 798 ιο

100 831 334 871 testimonio
372 839 464 868 meo
503 832 544 867 et
582 826 851 867 substantiam
884 837 1130 878 causamque
1163 822 1360 877 supplicis
1394 822 1494 863 fluc-

101 895 285 932 tuantem
315 887 568 930 medicabilis
601 888 790 941 responsi
823 885 1058 927 salubritate
1092 885 1244 926 fulcite.
1294 883 1392 924 vale.

756 1041 832 1085 XJ.

354 1126 584 1164 SIDONIUS
612 1124 856 1162 SIMPLICIO
885 1123 977 1161 SUO
1006 1122 1248 1160 SALUTEM.

197 1204 236 1247 1.
280 1205 369 1246 Etsi
414 1204 664 1245 desiderium
707 1208 894 1243 nostrum
936 1203 1182 1242 sinisteritas
1220 1205 1331 1241 tanta
1369 1201 1496 1240 comi-

102 1272 231 1322 tatur,
275 1271 322 1307 ut
362 1267 484 1306 etiam
527 1277 636 1305 nunc
679 1265 833 1304 nostris
878 1263 1097 1303 invidearis
1141 1261 1369 1314 obtutibus,
1412 1273 1495 1300 non
1516 1269 1551 1296 15

107 1328 261 1369 idcirco
286 1329 323 1367 is
350 1339 408 1381 es,
433 1328 615 1366 virorum
640 1326 805 1379 optime,
831 1324 880 1364 de
907 1325 1024 1364 cuius
1043 1335 1118 1363 nos
1138 1322 1320 1363 moribus
1346 1321 1497 1361 lateant

107 1389 215 1430 celsa
251 1392 496 1428 memoratu:
538 1388 593 1426 ita
632 1387 768 1426 cuncti
805 1390 1007 1425 nostrates
1046 1384 1236 1436 idemque
1275 1387 1497 1423 summates

106 1450 185 1489 viri
229 1450 472 1502 optimarum
516 1452 556 1487 te
601 1447 1034 1498 exactissimarumque
1072 1446 1250 1498 partium
1287 1447 1496 1496 praestan-

106 1511 312 1550 tissimum
350 1507 682 1562 patremfamilias
721 1518 898 1546 consono
930 1507 1147 1559 praeconio
1179 1508 1494 1558 prosequuntur.

109 1569 149 1611 2.
191 1568 459 1622 adstipulatur
502 1568 598 1608 huic
641 1567 691 1607 de
735 1572 775 1607 te
821 1568 1047 1607 sententiae
1090 1565 1293 1606 bonorum
1336 1563 1400 1604 vel
1438 1565 1497 1603 sic
1517 1575 1554 1601 20

111 1630 265 1672 electus
298 1642 423 1683 gener
454 1628 518 1669 vel
550 1628 695 1668 educta
728 1629 786 1667 sic
819 1627 919 1681 filia3
958 1629 1002 1667 in
1034 1639 1207 1679 quorum
1240 1624 1383 1678 copula
1413 1629 1497 1664 tam

110 1691 270 1732 felicem
310 1689 388 1731 tibi
426 1690 744 1730 controversiam
783 1693 874 1728 vota
911 1692 1179 1741 pepererunt,
1222 1691 1267 1726 ut
1305 1685 1498 1738 ambigas,

110 1758 250 1794 utrum
282 1751 434 1792 iudicio
467 1763 518 1791 an
549 1750 804 1790 institutione
831 1749 1098 1802 superaveris.
1145 1747 1216 1787 sed
1241 1752 1377 1787 tamen
1402 1745 1498 1785 hinc

110 1812 175 1854 vel
193 1825 395 1866 maxume,
420 1815 610 1864 parentes
630 1809 747 1850 ambo
767 1808 1032 1863 venerabiles,
1059 1813 1144 1849 este
1166 1808 1318 1848 securi:
1344 1806 1498 1846 idcireo

112 1879 271 1914 ceteros
314 1873 495 1926 vincitiS,
540 1871 647 1924 quod
685 1882 757 1910 vos
795 1869 867 1910 filii
908 1871 1172 1910 transierunt.
1228 1869 1353 1921 igitur
1394 1866 1499 1906 dona
1518 1877 1553 1903 25

111 1935 229 1975 venia
273 1933 428 1974 litteras
473 1934 643 1986 primas,
689 1943 789 1984 quas
834 1936 880 1971 ut
922 1930 1096 1971 necdum
1139 1931 1301 1969 mittere
1343 1927 1499 1968 desidia

112 1994 258 2049 fuerat,
287 1995 344 2034 ita
375 2005 518 2034 vereor
555 2005 606 2032 ne
646 1993 699 2032 sit
730 1993 893 2032 misisse
925 1990 1153 2044 garrulitas.
1216 1988 1371 2029 carebit
1403 1999 1498 2028 sane

112 2060 299 2096 nostrum
326 2066 451 2095 naevo
479 2052 733 2105 loquacitatis
760 2053 951 2106 officium,
977 2053 1012 2091 si
1038 2050 1223 2104 exemplo
1250 2049 1499 2090 recursantis

115 2115 282 2169 alloquii
319 2114 613 2168 impudentiam
650 2115 819 2167 paginae
857 2113 1083 2166 praesentis
1116 2110 1347 2151 absolveris.
1399 2107 1499 2149 vale.

215 2249 232 2280 1
260 2243 321 2280 vir
339 2243 455 2288 LN¹,
485 2254 567 2289 exp.
588 2241 661 2287 N‘,
690 2253 759 2279 om.
787 2242 914 2278 MOT
942 2243 954 2288 ΙΙ
987 2244 1031 2276 12
1058 2239 1189 2275 valeas
1212 2239 1244 2276 G
1269 2241 1283 2285 fl
1316 2242 1360 2275 13
1386 2240 1499 2276 inser.

120 2303 189 2330 om.
211 2292 247 2329 L
267 2296 278 2324 vl
306 2296 350 2327 14
375 2294 487 2328 tanta
513 2289 745 2326 sinisteritas
774 2290 897 2336 01129
923 2289 1054 2326 valeas
1083 2288 1122 2333 C,
1148 2300 1214 2325 om.
1237 2287 1289 2323 M
