1592 2612
169 118 258 161 334
683 119 889 157 CARMEN
914 120 1031 158 XXII.

192 229 261 262 170
289 225 476 262 crescunt
506 226 624 274 atque
657 222 799 275 amplis
831 222 1276 274 angustantfructibus
1309 224 1441 266 aedes.

286 283 364 323 huc
395 284 529 323 veniet
562 282 700 323 calidis
728 288 922 335 quantum
953 284 1069 323 metit
1100 283 1234 324 Africa
1266 286 1408 340 terris,

287 348 479 396 quantum
511 343 573 383 vel
605 342 790 397 Calaber,
823 348 1017 396 quantum
1049 343 1144 384 colit
1176 344 1329 397 Apulus
1362 358 1489 401 acer,

286 408 431 457 quanta
464 403 659 443 Leontino
691 406 887 456 turgescit
917 405 1063 444 messis
1096 417 1256 459 acervo,

284 470 478 517 quantum
509 464 721 517 Mygdonio
755 466 1011 505 committunt
1043 463 1217 517 Gargara
1250 465 1382 521 sulco,

189 533 255 564 175
283 530 496 579 quantum,
530 537 630 577 quae
664 527 797 565 tacitis
831 525 1020 565 Cererem
1052 530 1240 566 venerata
1273 526 1445 582 choreis,

280 586 409 626 Attica
440 584 687 638 Triptolemo
721 587 799 626 civi
831 585 1031 626 condebat
1062 584 1246 641 Eleusin,

281 659 371 686 cum
404 646 564 699 populis
599 646 808 687 hominum
840 646 1026 699 glandem
1057 646 1335 699 linquentibus
1369 647 1464 689 olim

279 706 383 746 fulva
415 707 529 759 fruge
561 707 652 747 data
683 709 762 747 iam
795 707 952 747 saecula
985 706 1091 747 fulva
1126 708 1318 759 perirent.

276 769 457 819 porticus
490 767 538 807 ad
571 767 724 820 gelidos
756 773 866 820 patet
897 768 992 808 hinc
1025 769 1174 808 aestiva
1206 769 1382 823 triones;

184 835 250 867 180
276 827 369 868 hinc
403 828 510 868 calor
541 830 740 868 innocuus
773 829 943 868 thermis
976 827 1217 869 hiemalibus
1251 830 1334 869 exit

276 893 394 941 atque
426 888 559 928 locum
590 886 690 942 <in>
722 894 883 942 tempus
915 888 1061 943 mollit3
1095 890 1244 942 quippe
1276 889 1343 929 illa
1375 891 1503 943 rigori

275 961 369 1000 pars
401 954 463 989 est
495 954 585 1002 apta
616 951 763 1004 magis3
795 962 887 990 nam
921 950 1027 1002 quod
1062 950 1164 1002 fugit
1196 962 1265 989 ora
1297 949 1466 1006 Leonis,

274 1009 367 1049 inde
399 1009 620 1062 Lycaoniae
653 1010 808 1050 rabiem
840 1010 942 1050 male
977 1011 1150 1050 sustinet
1175 1008 1312 1051 Ursae.

272 1071 376 1109 arcis
410 1075 448 1109 at
480 1072 521 1110 in
553 1071 731 1111 thermas
763 1071 880 1124 longe
914 1072 1023 1111 venit
1055 1070 1174 1111 altior
1205 1072 1335 1111 amnis

180 1137 245 1169 185
274 1134 313 1169 et
346 1130 451 1170 cadit
483 1132 524 1170 in
556 1137 734 1172 montem
766 1131 994 1184 patulisque
1028 1131 1234 1171 canalibus
1266 1136 1379 1172 actus

272 1191 505 1230 circumfert
537 1191 716 1232 clausum
749 1205 843 1232 cava
875 1205 949 1245 per
981 1192 1151 1232 divortia
1184 1191 1347 1232 flumen.

271 1251 483 1291 occiduum
516 1252 564 1291 ad
598 1252 723 1292 solem
755 1258 847 1305 post
878 1253 1023 1292 horrea
1058 1254 1187 1305 surgit
1219 1264 1343 1304 opaca

271 1323 371 1363 quae
399 1311 571 1352 dominis
591 1313 759 1353 hiberna
779 1314 945 1354 domus:
979 1315 1123 1366 strepit
1147 1313 1214 1352 hic
1240 1311 1344 1353 bona
1370 1313 1528 1355 ssamma

269 1373 469 1423 appositas
502 1373 665 1426 depasta
698 1373 852 1429 trabes3
886 1375 1043 1414 sinuata
1076 1375 1233 1414 camino

173 1438 240 1471 190
268 1432 445 1472 ardentis
477 1436 582 1486 perit
614 1434 720 1474 unda
752 1434 860 1487 globi
892 1435 1099 1487 fractoque
1133 1432 1288 1487 flagello

267 1494 418 1545 spargit
449 1493 643 1534 lentatum
675 1508 749 1547 per
782 1495 956 1535 culmina
987 1500 1070 1535 tota
1103 1506 1302 1547 vaporem.

264 1554 494 1593 continuata
526 1554 670 1595 dehinc
703 1555 839 1595 videas
873 1568 974 1609 quae
1007 1555 1194 1595 conditor
1226 1567 1349 1595 ausus

264 1613 417 1653 aemula
448 1613 634 1655 Palladiis
666 1617 841 1656 textrina
874 1616 1046 1656 educere
1078 1615 1252 1668 templis.

264 1672 336 1712 hac
369 1674 466 1713 celsi
499 1676 699 1727 quondam
733 1678 908 1717 coniunx
941 1676 1162 1717 reverenda
1193 1675 1358 1730 Leonti,

169 1740 237 1771 195
266 1745 342 1784 qua
374 1747 455 1774 non
486 1735 566 1775 ulla
598 1738 725 1788 magis
758 1749 885 1777 nurus
917 1750 1110 1790 umquam
1140 1736 1283 1776 Pontia
1315 1736 1461 1789 gaudet

262 1792 430 1834 illustris
462 1808 535 1847 pro
569 1801 676 1836 sorte
709 1798 802 1850 viri,
829 1797 1100 1838 celebrabitur
1131 1797 1228 1837 aede

260 1853 321 1892 vel
354 1854 490 1907 Syrias
522 1868 712 1896 vacuasse
746 1858 858 1898 colus
892 1858 954 1897 vel
987 1859 1116 1898 serica
1149 1857 1214 1897 fila
1286 1861 1334 1880 ⁸

259 1926 333 1965 per
366 1927 512 1955 cannas
545 1918 712 1956 torsisse
746 1917 853 1958 leves
886 1918 949 1958 vel
981 1919 1152 1959 stamine
1185 1916 1292 1957 fulvo

258 1977 515 2026 praegnantis
548 1977 629 2016 fusi
661 1977 859 2018 mollitum
891 1991 1009 2019 nesse
1044 1978 1259 2019 metallum.

161 2041 232 2074 200
258 2034 483 2086 parietibus
515 2037 702 2088 posthinc
735 2038 874 2079 rutilat
907 2052 1008 2092 quae
1041 2039 1226 2079 machina
1258 2039 1425 2093 iunctis,

258 2094 336 2134 fert
368 2097 634 2136 recutitorum
667 2099 886 2149 primordia
919 2099 1167 2140 ludaeorum.

232 2260 299 2293 170
325 2257 498 2304 frugibus
531 2260 716 2297 Heinsius
747 2263 758 2308 ΙΙ
793 2266 860 2298 173
888 2264 1042 2312 acervo]
1074 2265 1122 2310 cf.
1142 2263 1244 2301 Avit.
1266 2275 1295 2300 c.
1316 2263 1395 2299 ΙΙΙ
1399 2291 1409 2309 ‚
1429 2265 1512 2299 226

131 2317 293 2351 cumque
326 2307 549 2353 peregrinus
582 2309 730 2356 frugem
761 2310 931 2347 misisset
964 2324 1121 2348 acervus
1159 2313 1171 2358 ss
1210 2315 1277 2348 181
1304 2312 1344 2347 in
1376 2311 1512 2348 addidi

129 2355 192 2400 (cf.
213 2354 319 2391 Plin.
340 2366 394 2402 ep.
415 2356 472 2401 II,
495 2360 555 2402 17,
574 2361 626 2393 23
658 2362 692 2394 et
724 2358 767 2404 V,
787 2362 822 2404 6,
841 2362 890 2395 24
901 2365 989 2406 sq.),·
1020 2372 1087 2397 om.
1116 2361 1219 2398 codd.
1252 2363 1264 2407 n
1297 2363 1367 2396 194
1394 2370 1438 2395 ac
1463 2359 1508 2406 P,

129 2402 229 2440 hanc
257 2403 299 2440 F
317 2409 323 2450 Ι
347 2405 564 2440 veneranda
593 2405 624 2441 Ο
638 2407 650 2452 ΙΙ
671 2411 740 2442 200
767 2418 882 2452 quam
908 2409 952 2455 P,
980 2420 1056 2454 qua
1082 2410 1117 2445 T
1132 2411 1145 2457 ΙΙ
