1592 2612
104 991 136 1015 10

107 1589 141 1615 20

108 1889 143 1916 25

154 136 211 179 80
634 131 780 167 LIBER
807 128 1046 174 QUARTUS.

153 237 307 277 litteras
334 234 564 276 excolendis
591 232 794 286 dispendii
817 231 988 272 multum
1021 232 1172 271 caritas
1199 229 1387 284 sustinet,
1419 229 1456 269 si
1486 227 1536 270 ab

153 310 230 337 usu
250 297 535 349 frequentioris
555 293 721 346 alloquii
740 294 984 346 portitorum
1004 291 1156 332 vilitate
1177 294 1402 331 revocetur.
1434 288 1534 330 vale.

781 445 903 490 VIII.

428 529 658 568 SIDONIUS
684 528 871 566 EUODIO
899 528 992 566 SUO
1020 527 1261 565 SALUTEM.

249 608 286 651 1.
320 609 420 650 Cum
451 607 685 648 tabellarius
718 606 817 646 mihi
849 606 1005 646 litteras
1037 610 1127 645 tuas
1159 604 1354 659 reddidit,
1393 605 1464 658 qui
1495 608 1536 644 te

142 667 339 711 'Tolosam
383 681 478 722 rege
522 667 736 708 mandante
782 679 874 707 mox
916 666 1196 720 profecturum
1233 667 1357 706 certis
1396 666 1537 706 amicis

156 730 439 783 confitebatur,
476 741 549 769 nos
596 740 757 781 quoque
795 740 845 767 ex
883 727 1030 781 oppido
1069 726 1187 779 longe
1226 731 1429 767 remotum
1466 737 1537 766 rus

154 791 399 844 petebamus.
470 802 533 829 me
579 788 743 841 quidem
788 800 904 828 mane
949 789 1080 841 primo
1126 791 1373 828 remoratum
1410 787 1476 827 vix
1516 798 1537 827 e

154 853 285 892 tenaci
318 856 474 891 caterva
506 854 815 902 prosecutorum
847 850 1016 902 paginae
1042 853 1135 889 tuae
1162 849 1320 889 occasio
1347 848 1539 901 excussit,

154 917 199 952 ut
231 912 460 956 satisfacere
494 910 680 950 mandato
714 909 845 950 saltim
879 911 1008 949 viator
1041 908 1174 949 saltim
1206 920 1331 962 eques
1363 919 1539 962 possem.

157 971 195 1012 2.
236 977 414 1013 ceterum
457 970 633 1011 diluculo
673 969 823 1010 familia
859 974 1138 1023 praecesserat
1176 969 1224 1010 ad
1263 969 1541 1022 duodeviginti

157 1032 265 1072 milia
303 1044 495 1085 passuum
534 1032 663 1071 fixura
701 1032 939 1085 tentorium,
978 1043 1056 1083 quo
1097 1030 1260 1083 quidem
1298 1029 1376 1071 loci
1415 1030 1538 1070 sarci-

157 1093 261 1133 nulis
294 1092 520 1133 relaxandis
546 1091 671 1131 multa
699 1091 922 1131 succedunt
948 1090 1230 1145 conducibilia,
1263 1089 1538 1143 fons·gelidus

158 1156 199 1193 in
232 1153 331 1193 colle
363 1164 591 1206 nemoros0,
624 1151 810 1192 subditus
843 1164 938 1204 ager
969 1150 1107 1191 herbis
1138 1151 1359 1204 abundans,
1392 1150 1539 1190 fluvius

158 1218 248 1253 ante
282 1213 417 1254 oculos
451 1213 590 1253 avibus
623 1225 668 1252 ac
706 1214 817 1265 pisce
854 1211 979 1252 multo
1012 1212 1222 1266 refertus,
1246 1216 1408 1264 praeter
1439 1211 1539 1252 haec

124 1292 138 1317 5
158 1275 333 1314 iunctam
368 1273 521 1314 hahens
553 1275 665 1326 ripae
699 1273 863 1312 domum
894 1285 1038 1312 novam
1070 1276 1184 1312 vetus
1217 1273 1390 1326 amicus,
1422 1272 1539 1312 cuius

159 1336 362 1374 inmensae
394 1335 634 1374 humanitati
665 1346 741 1374 nec
774 1335 809 1373 si
835 1333 1073 1386 adquiescas
1099 1345 1175 1373 nec
1202 1334 1236 1373 si
1262 1345 1429 1373 recuses
1455 1344 1541 1372 mo-

159 1394 255 1434 dum
291 1407 427 1447 ponas
491 1394 530 1436 3.
569 1396 693 1447 igitur
729 1394 809 1434 huc
853 1395 1004 1433 nostris
1050 1392 1404 1447 antecedentibus,
1449 1404 1542 1433 cum

158 1456 219 1494 tui
251 1468 369 1495 causa
402 1454 736 1509 substitissemus,
769 1467 848 1507 quo
881 1466 983 1507 puer
1016 1456 1128 1494 ocius
1154 1453 1217 1494 vel
1250 1467 1271 1494 e
1298 1454 1429 1507 capite
1461 1454 1542 1494 vici

160 1517 452 1570 remitteretur,
490 1517 570 1555 iam
603 1515 704 1555 duae
738 1515 937 1555 secundae
971 1514 1086 1555 facile
1118 1518 1422 1568 processerant,
1460 1515 1542 1554 iam

162 1575 221 1614 sol
259 1575 417 1616 adultus
456 1576 637 1616 roscidae
676 1577 807 1615 noctis
847 1587 1032 1615 umorem
1064 1575 1176 1615 radio
1210 1579 1420 1615 crescente
1453 1586 1539 1615 sor-

159 1635 319 1690 buerat3
358 1641 491 1676 aestus
530 1649 575 1676 ac
618 1637 705 1676 sitis
746 1635 1063 1690 invalescebant,
1102 1641 1222 1688 atque
1261 1637 1304 1675 111
1341 1634 1541 1688 profunda

161 1697 375 1736 serenitate
409 1701 547 1736 contra
580 1696 753 1736 calorem
781 1696 865 1736 sola
892 1709 993 1749 quae
1020 1701 1181 1749 tegeret,
1202 1695 1349 1736 nebula
1375 1695 1425 1735 de
1451 1694 1541 1748 pul-

160 1768 272 1809 vere3
311 1761 396 1796 tum
427 1756 699 1809 longinquitas
730 1758 818 1796 viae
850 1769 924 1809 per
956 1758 1091 1797 virens
1124 1769 1276 1810 aequor
1308 1757 1440 1809 campi
1471 1768 1541 1809 pa-

161 1818 284 1856 tentis
312 1818 491 1869 exposita
516 1817 752 1871 visentibus,
786 1819 934 1870 quippe
963 1816 1012 1856 ob
1040 1817 1116 1857 hoc
1143 1819 1277 1870 ipsum
1304 1829 1394 1857 sero
1421 1828 1541 1869 pran-

164 1878 288 1930 suris,
333 1876 629 1931 ingemcbatur3
679 1889 772 1917 nam
816 1879 994 1917 viaturos
1039 1879 1116 1918 etsi
1160 1877 1341 1918 nondum
1383 1876 1543 1933 terebat

162 1936 311 1990 labore,
344 1938 424 1976 iam
455 1942 590 1976 tamen
623 1939 900 1990 expectatione
933 1937 1122 1978 terrebat.
1186 1937 1227 1979 4.
1262 1950 1364 1991 quae
1397 1941 1543 1978 cuncta

161 1998 401 2050 praemissa,
446 1997 605 2036 domine
650 1997 791 2052 frater,
835 1997 914 2037 huc
946 1998 1135 2052 tendunt,
1179 2004 1224 2039 ut
1261 1997 1336 2038 tibi
1373 1997 1542 2051 probem

162 2069 292 2109 neque
335 2059 468 2097 animo
510 2070 670 2097 vacasse
709 2070 773 2098 me
813 2057 983 2098 multum
1028 2071 1160 2111 neque
1201 2071 1371 2112 corpore
1409 2070 1542 2111 neque

162 2183 255 2209 corr.
275 2174 318 2208 in
338 2172 591 2219 despicabiles
605 2173 651 2209 Ν
651 2173 674 2215 2,
694 2173 812 2209 ferme
832 2185 924 2211 corr.
945 2186 991 2210 eoe
1009 2174 1129 2222 forme
1149 2179 1192 2211 ut
1209 2187 1241 2212 v.
1264 2174 1380 2221 V¹)N
1391 2173 1544 2218 VGM¹‚

164 2220 412 2267 despicabilis
440 2223 528 2256 sunt
552 2221 697 2257 formae
717 2221 782 2257 ΜΞ
801 2223 812 2267 ΙΙ
832 2225 853 2257 3
880 2223 989 2259 inser.
1012 2235 1081 2259 om.
1101 2224 1137 2259 L
1155 2224 1168 2270 ΙΙ
1189 2228 1208 2260 ’1
1234 2224 1468 2259 remoratum
1487 2223 1544 2269 (re

162 2280 191 2306 s.
218 2270 240 2305 l.
267 2270 354 2305 add.
382 2270 719 2316 N1M¹)NM0T‚
745 2271 936 2306 moratum
962 2271 998 2306 L
1017 2274 1029 2316 ΙΙ
1049 2275 1069 2306 9
1096 2270 1241 2318 possim
1268 2271 1345 2308 Lo
1371 2273 1384 2317 ΙΙ
1417 2275 1460 2307 19
1487 2270 1544 2306 fa-

163 2316 236 2353 cile
257 2329 323 2354 om.
346 2317 394 2363 L,
418 2330 446 2354 s.
468 2319 490 2354 l.
512 2319 598 2354 add.
613 2318 659 2354 N
660 2318 672 2338 1
692 2320 703 2365 ΙΙ
723 2322 767 2353 21
796 2319 927 2366 atque]
950 2321 1107 2365 eratque
1127 2320 1368 2366 Luetjoharm
1386 2321 1399 2365 ss
1419 2321 1465 2355 25
1485 2318 1544 2354 la-

114 2380 117 2382 ’
163 2366 254 2401 bore
280 2366 432 2402 terebat
459 2367 489 2402 Ο
511 2368 523 2413 ΙΙ
555 2370 600 2401 27
626 2366 701 2402 huc
726 2367 769 2402 in
793 2378 866 2403 ras.
895 2368 982 2404 add.
1009 2369 1085 2414 M2',
1111 2379 1180 2405 om.
1209 2367 1242 2404 Ο
1268 2370 1281 2414 ΙΙ
1312 2372 1358 2405 28
1383 2377 1543 2404 vacasse

163 2425 224 2450 me
250 2414 339 2451 LN
345 2415 387 2461 T,
414 2425 475 2450 me
500 2425 658 2451 vacasse
686 2414 735 2450 M
741 2414 772 2451 G
787 2417 799 2461 ΙΙ
