1592 2612
426 93 659 133 smomns
683 92 847 130 FELICI
873 92 967 133 5110
994 91 1240 129 SALUTEM·
1468 91 1528 135 83

134 201 268 254 priam
311 198 478 240 domum
520 209 603 238 non
653 195 864 250 possidere
915 195 987 235 sed
1037 196 1175 248 potius
1228 193 1527 234 administrare.

135 259 176 303 5.
210 273 290 314 qua
320 259 523 300 industria
554 258 632 298 viri
670 270 717 297 ac
748 257 1017 309 temperantia
1052 257 1236 309 inspecta
1268 254 1318 295 ad
1349 254 1527 308 reliquo-

136 334 228 362 rum
248 332 410 374 quoque
437 320 580 360 censui
602 319 811 372 pertinere
837 317 1180 371 informationem,
1206 317 1242 356 si
1266 315 1330 356 vel
1350 328 1527 356 summo-

134 388 256 423 tenus
286 382 367 421 vita
400 381 549 420 ceteris
580 379 674 419 talis
711 377 1006 431 publicaretur,
1044 377 1093 417 ad
1126 389 1247 430 quam
1280 377 1527 430 sequendam

135 447 298 497 praeter
328 440 523 494 habitum,
555 452 634 493 quo
667 439 832 479 interim
863 439 1071 491 praesenti
1103 437 1264 478 saeculo
1292 439 1528 491 imponitur,
1565 449 1583 476 5

137 515 279 544 omnes
306 506 470 547 nostrae
495 501 763 554 professionis
789 499 977 539 homines
1003 498 1220 539 utilissime
1247 499 1529 552 incitarentur,

138 565 245 619 quia,
277 562 385 617 quod
416 574 515 616 pace
548 561 705 602 ordinis
737 561 819 600 mei
851 559 1037 614 dixerim,
1070 561 1106 599 si
1130 563 1288 600 tantum
1312 558 1419 599 bona
1446 560 1528 599 sin—

136 624 229 678 gula
271 626 315 665 in
360 622 531 676 singulis
576 627 714 681 erunt,
758 620 851 674 plus
895 633 969 674 ego
1015 620 1194 661 admiror
1238 619 1529 660 sacerdotalem

134 687 267 726 virum
303 696 424 738 quam
457 683 723 724 sacerdotem.
787 681 885 722 vale.

802 837 855 879 X.

429 919 658 957 SIDONIUS
684 919 845 956 FELICI
870 918 965 956 SUO
992 917 1238 955 SALUTEM.
1547 934 1583 961 10

228 998 267 1042 1.
298 999 479 1052 Erumpo
511 999 554 1038 in
586 997 869 1038 salutationem
901 996 997 1037 licet
1029 1008 1175 1049 seram,
1207 995 1371 1036 domine
1398 1008 1527 1050 meus,

137 1062 254 1103 3111115
298 1062 386 1114 ipse
431 1061 512 1100 iam
561 1057 700 1099 multis
746 1057 1006 1111 insalutatus,
1059 1057 1332 1110 frequentiam
1375 1057 1527 1097 veteris

137 1123 261 1164 officii
292 1133 454 1162 servare
486 1132 568 1161 non
593 1119 759 1174 audens,
790 1124 1007 1172 postquam
1032 1130 1098 1158 me
1126 1117 1202 1158 soli
1226 1119 1350 1171 patrii
1375 1116 1527 1158 finibus

136 1183 389 1228 eliminatum
419 1181 760 1234 peregrinationis
793 1179 959 1220 adversa
992 1179 1212 1231 fregerunt.
1277 1183 1528 1231 quapropter

136 1256 207 1284 vos
239 1255 401 1297 quoque
432 1243 645 1294 ignoscere
672 1240 789 1281 decet
818 1239 1168 1293 erubescentibus,
1201 1239 1404 1292 siquidem
1431 1251 1526 1279 con·
1548 1250 1583 1277 15

137 1306 249 1346 venit
284 1302 519 1344 humiliatos
562 1300 731 1342 humilia
777 1302 926 1342 sectari
963 1313 1095 1353 neque
1136 1313 1230 1340 cum
1267 1299 1349 1340 illis
1386 1312 1529 1353 parem

136 1365 421 1406 familiaritatis
446 1368 587 1404 tenere
614 1363 894 1416 constantiam,
920 1361 1068 1414 quibus
1089 1361 1193 1401 forte
1221 1362 1276 1401 sit
1295 1360 1528 1414 improbum

136 1425 228 1480 plus
272 1426 422 1465 amoris
467 1435 587 1476 quam
630 1424 882 1463 reverentiae
926 1421 1175 1475 impendere.
1244 1426 1413 1474 propter
1449 1421 1529 1461 hoc

137 1486 313 1539 denique
346 1486 427 1525 iam
458 1484 528 1524 diu
559 1488 673 1523 taceo
705 1495 857 1535 vosque
895 1484 1090 1535 tacuisse,
1132 1495 1226 1522 cum
1264 1482 1372 1522 filius
1410 1494 1527 1522 meus

137 1546 379 1588 Heliodorus
428 1544 508 1584 huc
557 1545 685 1598 venit,
736 1545 865 1595 magis
915 1542 1135 1583 toleranter
1187 1555 1308 1596 quam
1351 1542 1528 1583 libenter
1547 1555 1583 1582 20

138 1608 288 1661 accepi.
351 1604 392 1647 2.
425 1604 496 1645 sed
529 1604 665 1644 dicere
698 1603 874 1657 solebas,
914 1615 1158 1656 quamquam
1190 1603 1380 1657 fatigans,
1419 1603 1526 1656 quod

138 1680 270 1709 meam
303 1667 420 1720 quasi
445 1664 674 1706 facundiam
704 1676 903 1704 vererere.
955 1665 1162 1704 excusatio
1196 1665 1334 1717 istaec,
1366 1665 1527 1704 etiamsi

138 1729 284 1770 fuisset
321 1739 433 1781 vera,
478 1726 713 1779 transierat,
757 1726 851 1778 quia
888 1730 982 1778 post
1024 1725 1287 1764 terminatum
1331 1723 1527 1777 libellum,

138 1791 209 1843 qui
238 1800 383 1842 parum
416 1786 563 1828 cultior
594 1790 668 1840 est,
699 1784 878 1838 reliquas
911 1785 1044 1825 denuo
1071 1784 1228 1825 litteras
1254 1784 1400 1838 usuali,
1431 1784 1528 1824 licet

138 1854 351 1891 accuratus
394 1847 494 1888 mihi
537 1846 683 1887 melior
725 1858 807 1886 non
853 1847 924 1899 sit,
968 1858 1155 1886 sermone
1201 1850 1391 1899 contexo3
1443 1857 1526 1885 non
1546 1857 1581 1885 25

139 1912 248 1952 enim
280 1910 383 1950 tanti
414 1914 476 1949 est
506 1907 627 1961 poliri
660 1906 854 1947 formulas
880 1906 1057 1947 editione
1084 1907 1293 1946 carituras
1345 1910 1527 1946 ceterum

140 1973 176 2012 si
202 1971 382 2011 caritatis
402 1974 495 2010 tuae
514 1980 671 2008 morem
698 1969 873 2020 pristino
894 1966 1190 2020 colloquiorum
1218 1967 1357 2007 cursui
1377 1966 1527 2020 reddis,

140 2037 180 2072 et
218 2043 292 2072 1105
331 2035 512 2071 vetustae
550 2028 806 2081 loquacitatis
846 2027 999 2068 orbitas
1041 2039 1320 2080 recurremus,
1364 2032 1528 2080 praeter

138 2092 237 2133 haec
270 2090 382 2132 avide
409 2090 570 2143 praevio
597 2088 758 2129 Christo
786 2090 857 2143 sic,
889 2087 960 2128 ubi
988 2088 1172 2128 locorum
1198 2088 1372 2141 fueritis,
1404 2087 1525 2128 modo

238 2201 258 2232 7
285 2195 430 2232 ordinis
456 2193 533 2230 mei
558 2193 647 2230 LN
654 2194 695 2239 T,
722 2193 799 2228 mei
824 2192 970 2229 ordinis
996 2193 1048 2229 M
1053 2193 1084 2229 C
1104 2194 1117 2237 11
1143 2196 1189 2227 10
1215 2193 1328 2228 inser.
1356 2203 1424 2228 om.
1451 2192 1488 2228 L
1514 2194 1525 2239 ’ξ

140 2249 185 2281 22
211 2243 333 2280 istaec
359 2244 412 2288 L,
444 2242 522 2278 ista
545 2242 617 2278 hec
642 2242 700 2283 N,
726 2241 803 2277 ista
827 2241 923 2277 haec
950 2241 1079 2277 MGT
1105 2243 1117 2287 ΙΙ
1150 2244 1197 2276 24
1225 2240 1292 2285 qui
1317 2240 1406 2284 LT,
1433 2240 1527 2286 quia

140 2293 193 2339 N,
226 2304 304 2339 qua
336 2291 463 2336 VOF,
499 2290 538 2326 in
570 2301 645 2336 quo
677 2290 733 2336 (in
763 2301 791 2326 s.
819 2290 841 2326 l.
870 2290 955 2326 add.
983 2293 1018 2325 et
1043 2301 1065 2325 o
1092 2290 1134 2325 in
1159 2300 1233 2325 raa.
1260 2300 1353 2326 corr.
1380 2288 1526 2335 M2)M,

139 2353 216 2387 quo
250 2345 285 2387 (o
311 2342 355 2377 in
378 2351 452 2377 ras.
480 2339 592 2384 P¹)P
633 2342 639 2384 Ι
680 2337 819 2374 cultior
851 2338 927 2385 est]
960 2337 1161 2373 cultiorem
1190 2337 1232 2373 F
1270 2338 1283 2383 Ι
1328 2340 1374 2373 29
1401 2337 1524 2373 sicubi

139 2389 310 2426 locorum
336 2388 388 2425 M
394 2388 472 2433 CT,
500 2386 794 2423 sicubiculorum
816 2386 910 2431 LN,
936 2386 1000 2422 sed
1024 2397 1117 2423 corr.
1138 2387 1182 2423 in
1205 2385 1330 2422 sicubi
1353 2385 1525 2422 locorum

1256 2445 1307 2484 6*
