1592 2612
146 136 203 180 28
607 128 753 167 LIBER
780 126 1047 165 SECUNDUS.

145 237 335 278 invidiam
368 233 628 288 supplicando
660 235 851 285 moveret,
885 241 1004 283 quam
1037 226 1288 269 criminando
1320 238 1403 268 non
1427 239 1522 268 con-

146 300 345 339 citaverat.
408 296 491 336 dixi
523 294 571 335 ad
604 298 827 334 extremum
853 301 1019 344 pressus
1046 293 1160 329 oratu
1185 299 1402 341 procerum
1427 299 1523 328 con-

146 358 412 411 globatorum⁷
458 356 580 395 sciret
618 352 828 394 conatibus
867 352 951 391 suis
990 362 1111 390 versu
1141 348 1200 389 nil
1231 347 1524 403 reponendum,

146 419 337 471 derogare
370 416 524 456 actibus
555 416 657 455 meis
695 415 738 453 in
775 417 983 466 posterum
1020 415 1156 450 tamen
1189 410 1225 449 si
1254 410 1523 464 pepercisset3

109 488 128 516 5
147 480 295 519 etenim
327 477 512 517 sufficere
545 475 705 528 debere,
738 473 843 526 quod
877 473 1023 512 satirae
1050 470 1223 511 obiectio
1250 469 1396 510 famam
1421 467 1524 510 mihi

145 542 337 592 parasset,
375 537 444 577 sed
477 536 555 576 sibi
586 535 803 575 infamiam.
869 531 936 574 17.
969 533 1012 572 in
1051 543 1208 572 summa
1244 529 1402 584 perculi
1434 531 1523 584 qui-

146 599 254 652 dem,
298 598 457 638 domine
495 597 640 650 maior,
684 607 765 635 non
807 597 1050 634 assertorem
1095 591 1319 632 calumniae
1364 595 1523 632 tantum

146 664 338 712 quantum
362 661 718 710 murmuratorem3
746 655 816 695 sed
843 666 935 695 cum
961 653 1061 693 mihi
1088 654 1146 693 sic
1173 651 1424 692 satisfactum
1449 656 1524 706 est,

145 724 190 759 ut
220 719 374 772 pectori
405 730 495 757 meo
526 729 600 770 pro
632 720 747 756 reatu
780 717 867 755 eius
899 718 959 754 tot
989 717 1235 766 potestatum
1263 712 1523 765 dignitatum-

91 791 126 817 ιο
146 791 222 832 que
255 779 429 819 culmina
462 782 505 818 et
526 778 614 817 iura
642 777 1003 828 summitterentur‚
1035 774 1163 814 fateor
1189 772 1401 828 exordium
1427 785 1523 814 con-

144 839 331 879 tumeliae
363 838 454 878 talis
486 839 587 878 tanti
618 837 755 891 fuisse,
788 837 854 876 cui
886 836 978 875 finis
1011 834 1138 888 gloria
1170 834 1258 875 fuit.
1321 833 1419 875 vale.

210 1212 334 1260 GAI
373 1211 608 1260 SOLLII
647 1209 1145 1260 APOLLINARIS
1186 1209 1466 1259 SIDONII

332 1301 336 1305 ’
573 1307 1096 1357 EPISTULARUM

604 1429 755 1470 LIBER
788 1428 1064 1470 SECUNDUS.

819 1560 852 1602 Ι.

419 1641 644 1679 SIDONIUS
670 1641 864 1679 ECDICIO
892 1642 985 1679 SUO
1013 1642 1254 1679 SALUTEM.

242 1716 279 1759 1.
312 1718 397 1759 Duo
423 1731 530 1759 nunc
556 1721 708 1772 pariter
734 1719 836 1760 mala
864 1721 1064 1760 sustinent
1089 1719 1260 1760 Arverni
1284 1721 1355 1760 tui.
1390 1716 1528 1772 ‘quae-

149 1775 292 1819 namP'
337 1781 482 1832 inquis,
545 1781 815 1832 praesentiam
847 1780 1033 1820 Seronati
1071 1785 1111 1820 et
1149 1780 1374 1821 absentiam
1404 1784 1527 1820 tuam.

98 1850 131 1877 15
152 1839 346 1893 Seronati,
372 1841 552 1892 inquam:
580 1840 628 1879 de
650 1842 763 1880 cuius
784 1845 829 1880 ut
848 1843 1024 1893 primum
1045 1842 1164 1881 etiam
1191 1842 1354 1881 nomine
1374 1840 1529 1895 loquar,

152 1901 210 1939 sic
242 1899 341 1938 mihi
372 1900 530 1939 videtur
563 1902 677 1952 quasi
708 1903 889 1953 praescia
922 1902 1150 1942 futurorum
1176 1901 1323 1942 lusisse
1356 1901 1529 1955 fortuna,

152 1961 271 1999 sicuti
303 1972 351 1999 ex
384 1959 550 1999 adverso
582 1961 755 2000 maiores
787 1963 917 2001 nostri
948 1962 1119 2017 proelia,
1155 1961 1302 2015 quibus
1334 1960 1437 2002 nihil·
1467 1965 1530 2001 est

151 2019 326 2073 foedius,
370 2018 473 2058 bella
519 2019 724 2074 dixerunt3
770 2023 918 2074 quique
959 2024 1079 2062 etiam
1116 2024 1206 2075 pari
1244 2022 1529 2063 contrarietate

152 2079 249 2133 fata,
289 2080 382 2132 quia
420 2091 501 2119 non
539 2086 768 2135 parcerent,
804 2081 949 2121 Parcas
988 2085 1224 2124 vocitavere.
1288 2082 1410 2123 rediit
1440 2083 1528 2135 ipse

98 2152 133 2178 20
153 2139 323 2180 Catilina
350 2139 498 2179 saeculi
524 2142 654 2179 nostri
679 2153 808 2193 nuper
827 2142 1053 2197 Aturrihus‚
1079 2149 1124 2184 ut
1145 2144 1382 2196 sanguinem
1402 2142 1528 2183 fortu-

249 2270 270 2303 3
295 2266 600 2312 respondendum
632 2268 803 2304 Vatican.
825 2271 920 2305 3421
953 2271 965 2315 ll
998 2274 1018 2305 6
1046 2270 1112 2306 sed
1143 2272 1223 2308 secl.
1252 2271 1494 2317 LuetJ‘ohmm
1517 2270 1526 2326 J

150 2314 300 2369 perculi
330 2315 595 2361 Wilamowitz,
632 2315 775 2361 pertuli
806 2318 908 2353 codd.
942 2319 954 2363 ΙΙ
992 2321 1037 2353 13
1071 2319 1222 2355 arverni
1251 2319 1311 2355 tui
1335 2320 1429 2366 LT,
1469 2320 1529 2355 tul

152 2374 303 2399 arverni
328 2363 380 2399 M
385 2362 415 2399 O
447 2366 459 2407 Η
499 2368 541 2399 18
569 2363 726 2411 quique]
761 2363 901 2411 quippe
928 2366 1168 2411 Lueffiohaoem
1203 2370 1216 2414 ΙΙ
1254 2371 1298 2403 19
1324 2367 1424 2415 ipse]
1454 2366 1530 2403 iste

151 2411 392 2458 Luetjoha‘nn
410 2412 422 2457 ΙΙ
441 2415 487 2448 20
514 2423 600 2447 saec
625 2423 720 2459 sequ.
741 2424 794 2459 sp.
808 2425 841 2450 v.
856 2413 892 2449 L
915 2414 919 2459 Ι
943 2414 1134 2452 aturribus
1155 2426 1221 2452 om.
1243 2427 1296 2463 sp.
1312 2419 1359 2453 11
1381 2417 1404 2453 l.
1417 2428 1450 2453 v.
1468 2415 1530 2464 LH
