1592 2612
108 110 196 154 134
601 106 750 144 LIBER
776 105 976 143 SEXTUS.

105 216 217 265 gesta
257 215 369 264 sunt,
412 223 488 250 nec
526 208 575 249 ob
613 208 691 250 hoc
729 207 868 248 dubito
907 207 1042 248 audita
1080 206 1254 247 fidenter
1291 218 1488 261 asserere,

106 273 199 325 quia
230 283 311 311 non
342 283 484 324 parum
515 269 615 310 mihi
641 271 818 309 intumos
845 273 980 322 agunt,
1013 267 1160 320 quibus
1186 271 1250 307 est
1274 268 1362 321 ipse
1389 268 1487 308 satis

105 334 296 373 intumus
359 331 479 371 huius
516 331 640 383 igitur
670 334 851 370 teneram
890 329 1084 382 frontem,
1122 327 1223 368 dura
1257 327 1488 368 rudimenta

106 391 361 445 commendo3
394 396 445 445 et,
477 392 570 443 quia
602 402 750 430 nomen
783 389 965 430 eiusdem
991 388 1188 429 lectorum
1214 400 1346 442 nuper
1371 387 1486 429 albus

69 466 86 494 5
105 454 276 506 accepit,
314 452 531 504 agnoscitis
569 450 801 504 profecturo
841 451 918 490 civi
955 462 1020 489 me
1062 448 1295 503 epistulam,
1337 448 1486 490 clerico

105 512 291 553 debuisse
317 512 544 566 formatam3
573 523 693 564 quem
718 510 954 564 propediem
982 522 1064 550 non
1090 510 1241 550 iniuria
1266 521 1361 550 reor
1379 522 1487 550 mer-

105 577 280 613 catorem
312 571 566 625 splendidum
599 572 697 626 fore,
730 572 765 611 si
796 571 890 611 hinc
917 570 966 610 ad
992 575 1126 611 vestra
1153 569 1348 624 obsequia
1373 570 1486 611 festi—

103 645 204 673 nans
236 632 454 684 frigoribus
487 632 660 672 fontium
693 633 914 672 civicorum
948 643 1068 685 saepe
1101 631 1255 672 fontem
1285 628 1487 685 †merca-

102 692 258 733 toribus
285 693 491 733 anteferat.
524 705 680 733 memor
705 693 836 733 nostri
861 704 952 732 esse
979 691 1160 747 dignare,
1185 691 1348 743 domine
1372 704 1486 746 papa.

755 870 832 914 IX.

47 969 82 995 10
259 952 486 990 SIDONIUS
512 953 708 990 DOMINO
734 953 896 989 PAPAE
924 953 1055 990 LUPO
1084 952 1328 991 SALUTEM.

194 1028 231 1071 1.
268 1030 338 1071 Vir
368 1033 448 1071 iam
478 1030 673 1071 honestus
706 1029 860 1085 Gallus,
893 1032 987 1084 quia
1020 1031 1157 1071 iussus
1189 1030 1238 1071 ad
1271 1031 1486 1084 coniugem

101 1091 236 1131 redire
269 1103 350 1131 non
382 1090 550 1145 distulit,
582 1091 808 1131 litterarum
840 1104 1024 1131 mearum
1051 1091 1303 1145 obsequium,
1334 1096 1487 1132 vestra-

101 1164 192 1191 rum
224 1156 405 1204 reportat
437 1152 635 1192 effectum.
699 1153 765 1192 cui
798 1164 889 1192 cum
921 1153 1086 1206 pagina,
1119 1164 1240 1205 quam
1270 1152 1487 1206 miseratis,

101 1217 372 1266 reseraretur,
411 1217 591 1252 actutum
629 1218 895 1265 compunctus
929 1213 1127 1265 ingemuit
1159 1212 1486 1265 destinatamque

48 1287 84 1314 15
101 1284 184 1313 non
210 1272 259 1312 ad
286 1285 349 1312 me
377 1272 589 1325 epistulam
615 1273 686 1313 sed
712 1275 755 1313 in
775 1286 818 1313 se
840 1275 1083 1313 sententiam
1104 1272 1307 1313 iudicavit.
1350 1274 1486 1326 itaque

102 1332 315 1373 confestim
363 1334 440 1373 iter
484 1334 527 1373 in
570 1335 742 1386 patriam
786 1334 1004 1387 spopondit
1049 1334 1258 1374 adornavit
1301 1334 1485 1386 arripuit.

102 1405 224 1445 quem
267 1405 340 1433 nos
385 1398 551 1446 propter
594 1394 698 1434 hanc
742 1396 871 1447 ipsam
915 1394 1192 1447 paenitudinis
1236 1393 1487 1435 celeritatem

100 1465 184 1494 non
222 1454 466 1506 increpative
507 1454 576 1494 sed
616 1454 881 1495 consolatorie
921 1457 1056 1507 potius
1096 1453 1338 1507 compellare
1372 1466 1487 1495 cura-

100 1514 250 1566 vimus,
301 1515 394 1566 quia
444 1515 688 1555 vicinaretur
737 1517 992 1555 innocentiae
1041 1516 1230 1556 festinata
1274 1516 1485 1556 correctio.

46 1590 82 1616 20
102 1570 141 1613 2.
180 1586 312 1626 neque
350 1575 458 1614 enim
496 1576 709 1628 quisquam
746 1577 869 1616 etiam
907 1575 987 1616 sibi
1023 1575 1127 1616 bene
1167 1577 1356 1616 conscius
1394 1574 1486 1629 plus

101 1633 233 1674 facere
266 1636 548 1689 praesumpsit,
581 1637 616 1675 si
649 1637 739 1688 quis
771 1641 906 1676 tamen
938 1641 1096 1677 vestrae
1123 1637 1394 1690 correptionis
1421 1648 1486 1676 or-

100 1693 226 1734 bitam
263 1706 345 1734 non
382 1695 565 1749 reliquit,
610 1698 758 1749 quippe
799 1709 890 1736 cum
931 1710 976 1737 ea
1016 1699 1120 1751 ipsa,
1160 1709 1262 1750 quae
1301 1696 1486 1751 legimus,

100 1755 303 1807 parcentis
330 1755 450 1795 verba
477 1768 671 1796 censurae
698 1769 884 1797 maxuma
905 1757 1199 1798 emendationis
1225 1758 1486 1797 incitamenta

102 1815 194 1854 sint.
257 1827 350 1854 nam
388 1815 483 1868 quid
525 1821 658 1868 potest
696 1829 785 1857 esse
825 1819 1102 1870 castigationis
1140 1818 1310 1858 huiusce
1343 1822 1486 1858 tenore

47 1889 83 1917 25
101 1876 333 1929 pretiosius,
365 1876 409 1915 in
441 1888 518 1928 qua
550 1876 652 1916 forte
685 1882 848 1930 peccato
882 1880 1040 1919 animus
1073 1891 1192 1931 aeger
1217 1879 1400 1931 repperit
1425 1879 1486 1918 in-

101 1936 304 1975 trinsecus
337 1936 574 1990 remedium,
608 1949 698 1977 cum
727 1950 808 1977 non
840 1938 989 1979 valeret
1020 1941 1275 1979 extrinsecus
1302 1939 1485 1979 invenire

198 2103 219 2134 2
246 2098 386 2135 intumi
412 2102 623 2146 suggerunt
648 2101 853 2138 Mommsen
881 2103 885 2148 Ι
915 2104 974 2138 est
1003 2104 1051 2138 Μ
1060 2103 1098 2148 G
1126 2104 1166 2139 et
1191 2103 1238 2150 L,
1266 2104 1325 2139 est
1351 2103 1391 2138 et
1418 2103 1453 2139 Τ
1475 2104 1487 2149 ΙΙ

101 2150 123 2183 5
150 2146 233 2184 cive
259 2148 295 2183 L
320 2150 332 2194 ΙΙ
362 2152 383 2184 8
409 2149 684 2184 mercatoribus
712 2150 788 2186 LO
810 2155 843 2186 et
869 2153 979 2195 (corr.
1005 2153 1049 2187 in
1073 2151 1322 2188 medicatoris
1348 2151 1395 2188 N
1396 2151 1484 2198 ¹)N

100 2195 324 2233 mercatoris
351 2197 409 2242 M,
434 2198 497 2233 sed
521 2208 547 2233 s.
577 2198 599 2232 l.
627 2209 700 2233 ras.
727 2203 791 2243 est,
815 2198 1041 2235 mediatoris
1067 2205 1110 2243 (s.
1139 2201 1161 2237 l.
1190 2200 1278 2237 add.
1304 2200 1330 2237 i.
1355 2199 1415 2235 tui
1434 2200 1484 2245 T,

100 2243 240 2280 caloris
267 2243 325 2280 tui
350 2245 426 2282 Leo
446 2246 458 2291 ΙΙ
480 2248 523 2280 15
545 2249 632 2291 post
655 2244 697 2280 in
727 2257 766 2282 se
798 2247 863 2293 leq.
891 2247 1083 2293 prolatam
1107 2249 1151 2284 in
1177 2248 1219 2285 F
1234 2251 1247 2294 ΙΙ
1266 2251 1311 2284 21
1339 2258 1486 2284 correc-

99 2292 217 2328 tionis
245 2293 280 2329 T
296 2295 308 2340 ΙΙ
327 2296 374 2328 23
399 2304 578 2329 maxuma
603 2304 679 2340 eqo,
707 2305 908 2330 maxumae
933 2297 989 2332 vel
1014 2296 1206 2332 maximae
1233 2297 1337 2334 codd.
1362 2297 1367 2343 Ι
1390 2295 1485 2332 inci-

99 2342 274 2377 tamenta
298 2352 414 2388 usque
439 2342 490 2377 ad
516 2341 782 2387 castigationis
809 2354 876 2379 om.
908 2343 938 2379 O
959 2346 971 2390 ΙΙ
997 2348 1043 2380 24
1070 2345 1148 2380 sint
1174 2345 1226 2391 L,
1258 2346 1348 2381 sunt
1374 2347 1487 2391 (corr.

99 2400 146 2426 ex
172 2389 251 2426 sint
276 2389 639 2435 N1)NVMT{125
667 2402 741 2435 quo
772 2390 828 2438 011
