1592 2612
307 119 311 122 ’
366 129 598 167 SIDONIUS
623 98 820 168 11011110
846 128 940 167 suo
968 128 1212 167 SALUTEM.
1424 128 1484 172 23

93 233 173 274 sed
198 245 342 274 carens
372 231 521 287 indice,
552 245 745 273 versuum
776 231 897 286 plena
928 233 1189 273 satiricorum
1219 231 1485 286 mordacium,

92 306 192 336 sane
225 295 296 348 qui
327 295 426 334 satis
456 293 751 334 invectivaliter
788 293 906 334 abusi
937 294 1150 334 nominum
1180 292 1364 333 nuditate
1397 305 1485 333 car-

92 355 244 410 pebant
273 354 495 409 plurimum
526 355 636 408 vitia,
666 354 758 408 plus
789 354 986 395 homines.
1049 355 1159 394 inter
1182 353 1282 394 haec
1308 354 1484 394 fremere

93 415 371 470 Arelatenses,
415 427 495 468 quo
534 386 636 455 loci,
652 428 720 455 res
762 414 974 470 agebatur,
1018 420 1060 456 et
1101 427 1317 468 quaerere,
1362 427 1483 468 quem

92 481 307 531 poetarum
337 475 491 530 publici
522 476 674 516 furoris
711 478 858 516 merito
890 476 1051 529 pondus
1082 480 1265 530 urgeret,
1303 475 1368 516 his
1400 488 1483 516 ma·
1522 485 1539 511 5

91 539 202 578 xime
234 536 480 591 auctoribus,
513 535 615 590 q'uos
647 538 756 578 notis
788 539 913 578 certis
946 542 1087 578 auctor
1111 538 1294 578 incertus
1319 549 1483 577 exacer-

91 596 268 639 baverat.
331 596 372 640 3.
405 597 554 638 accidit
590 610 706 652 casu,
744 602 789 638 ut
821 597 1045 638 Catullinus
1078 597 1264 638 inlustris
1302 602 1401 638 tunc
1433 596 1483 638 ab

91 659 285 700 Arvernis
323 658 392 699 illo
436 660 612 712 veniret,
657 671 750 699 cum
795 671 957 712 semper
1000 658 1102 699 mihi
1137 663 1225 698 tum
1265 660 1483 712 praecipue

93 719 331 761 commilitio
350 721 509 760 recenti
527 718 757 773 familiaris3
778 732 898 773 saepe
919 721 1029 760 enim
1050 721 1158 760 cives
1177 720 1307 772 magis
1331 721 1485 760 amicos

91 781 366 834 peregrinatio
398 780 505 821 facit.
568 781 693 833 igitur
730 780 900 821 insidias
932 781 1134 821 nescienti
1164 784 1249 820 tam
1279 779 1486 821 Paeonius
1499 790 1534 817 ιο

93 853 216 895 quam
246 841 441 894 Bigerrus
471 840 545 881 has
582 841 860 895 tetenderunt,
897 846 944 882 ut
980 841 1169 894 plurimis
1207 853 1344 882 coram
1382 846 1484 881 tam-

94 914 216 955 quam
248 901 297 942 ab
329 903 492 942 incauto
525 903 844 957 sciscitarentur,
874 902 952 942 hoc
978 914 1126 942 novum
1153 914 1317 942 carmen
1344 914 1395 942 an
1421 914 1484 942 re-

93 967 371 1033 cognosceret.
423 967 464 1003 et
495 961 582 1002 ille:
616 960 669 1003 ‘si
701 960 916 1003 dixeritis'.
969 975 1143 1016 cumque
1169 962 1298 1003 frusta
1325 963 1485 1003 diversa

92 1025 212 1077 quasi
242 1036 318 1077 per
349 1024 485 1064 iocum
518 1023 787 1077 effunderent,
820 1023 989 1064 solvitur
1021 1023 1247 1064 Catullinus
1279 1025 1322 1064 in
1354 1025 1486 1064 risum
1518 1032 1520 1034 ’

91 1085 460 1138 intempestivoque
500 1084 692 1150 suffragio
735 1084 909 1125 clamare
948 1086 1083 1138 coepit
1121 1084 1289 1137 dignum
1326 1097 1484 1138 poema,
1504 1093 1538 1119 15

93 1145 202 1199 quod
233 1144 542 1199 perennandum
563 1137 762 1198 apicibus
802 1147 953 1186 auratis
991 1147 1097 1186 iuste
1130 1144 1266 1186 tabula
1298 1145 1483 1186 rostralis

92 1207 298 1259 acciperet
334 1211 404 1246 aut
444 1207 568 1246 etiam
600 1205 836 1260 Capitolina.
899 1205 940 1247 4.
972 1205 1172 1247 Paeonius
1210 1208 1380 1260 exarsit,
1419 1208 1486 1246 cui

93 1268 284 1307 satiricus
328 1266 397 1307 ille
441 1278 622 1307 morsum
667 1267 802 1307 dentis
846 1268 965 1320 igniti
1009 1267 1165 1307 avidius
1209 1268 1486 1321 impresserat,

93 1332 216 1381 atque
249 1327 299 1368 ad
338 1327 544 1368 adstantes
583 1327 865 1382 circulatores:
904 1325 1095 1368 ‘iniuriae
1129 1325 1384 1382 communis',
1422 1329 1484 1368 in-

92 1390 200 1442 quit,
245 1384 340 1428 ‘iam
385 1400 502 1428 reum
545 1389 693 1429 inveni.
756 1388 921 1443 videtis,
965 1394 1011 1429 ut
1053 1388 1278 1429 Catullinus
1324 1389 1484 1442 deperit
1504 1398 1540 1424 2ο

93 1450 199 1489 risu:
237 1453 406 1502 apparet
437 1450 476 1488 ei
514 1454 609 1488 nota
641 1450 871 1490 memorari.
934 1462 1029 1490 nam
1069 1462 1170 1502 quae
1211 1462 1331 1490 causa
1371 1450 1484 1490 festi-

93 1521 187 1550 nam
220 1508 414 1562 compulit
442 1511 711 1562 praecipitare
739 1511 994 1564 sententiam,
1026 1512 1106 1550 nisi
1133 1510 1240 1563 quod
1267 1512 1347 1550 iam
1374 1515 1485 1550 tenet

92 1574 242 1624 totum,
282 1571 353 1623 qui
384 1569 434 1610 de
466 1574 580 1623 parte
614 1571 672 1610 sic
704 1568 887 1611 iudicat?
931 1572 1043 1623 atqui
1076 1570 1267 1611 Sidonius
1300 1584 1409 1611 nunc
1442 1572 1484 1611 in

91 1630 273 1671 Arverno
299 1635 379 1671 est:
412 1630 519 1670 unde
546 1629 749 1683 colligitur
775 1636 938 1671 auctore
965 1631 1046 1685 illo,
1079 1633 1157 1671 isto
1184 1631 1369 1672 auditore
1396 1644 1484 1672 rem

92 1687 273 1745 textam?
335 1692 420 1731 itur
450 1692 493 1731 in
525 1690 652 1731 furias
683 1693 808 1744 inque
840 1693 1022 1732 convicia
1054 1691 1236 1732 absentis
1261 1693 1484 1732 nescientis
1504 1701 1539 1727 25

93 1743 424 1806 innocentisque3
457 1753 743 1806 conscientiae,
769 1752 876 1806 fidei,
902 1754 1131 1805 quaestioni
1156 1751 1214 1792 nil
1240 1758 1483 1794 reservatur.

22 1836 25 1838 v
94 1813 154 1853 sic
186 1812 285 1853 levis
317 1812 459 1853 turbae
493 1811 745 1867 facilitatem,
784 1825 862 1865 qua
899 1812 1043 1867 xoluit,
1084 1818 1124 1853 et
1155 1814 1278 1853 traxit
1310 1826 1484 1866 persona

92 1872 313 1926 popularis.
363 1870 403 1914 5.
430 1878 517 1914 erat
537 1874 646 1915 enim
666 1875 754 1927 ipse
774 1873 974 1914 Paeonius
994 1873 1134 1927 populi
1159 1878 1282 1927 totus,
1315 1875 1384 1926 qui
1411 1875 1484 1914 tri-

92 1932 270 1974 buniciis
322 1933 485 1974 flatibus
534 1934 679 1975 crebro
731 1934 977 1974 seditionum
1027 1934 1194 1987 pelagus
1244 1933 1483 1987 impelleret.

93 1998 276 2035 ceterum
308 1995 344 2034 si
375 1995 640 2047 requisisses:
673 1992 774 2048 ‘qui
805 2007 978 2049 genus,
1010 1995 1137 2035 unde
1171 1991 1369 2049 domo?’,
1401 2007 1483 2035 non
1503 2004 1540 2031 30

93 2056 340 2095 eminentius
372 2067 494 2108 quam
524 2055 826 2108 municipaliter
857 2060 977 2096 natus
1005 2068 1206 2108 quemque
1234 2057 1342 2095 inter
1368 2057 1484 2096 initia

192 2186 239 2219 30
266 2183 381 2238 Verg.
400 2183 494 2220 Aen.
516 2182 616 2229 VIII,
639 2187 720 2220 114.

193 2236 212 2267 1
240 2230 483 2268 satiricorum
508 2243 577 2268 om.
599 2236 752 2287 prqeter
777 2243 885 2268 orum
909 2244 964 2279 sp.
988 2237 1010 2269 7
1037 2233 1113 2268 1.1·.
1142 2232 1208 2277 Lu
1235 2236 1255 2267 ’1
1283 2236 1371 2269 ante
1395 2231 1484 2268 illu·

95 2278 185 2316 stris
211 2279 280 2328 leq.
298 2279 358 2315 vir
383 2282 425 2317 in
448 2281 482 2316 T
497 2282 509 2326 ss
530 2284 576 2316 10
602 2279 698 2317 facit
723 2279 843 2327 igitur
869 2293 937 2318 om.
963 2292 1017 2326 sp.
1040 2281 1106 2317 91.
1127 2292 1160 2317 v.
1182 2280 1218 2316 L
1237 2282 1249 2327 n
1271 2284 1315 2317 13
1341 2282 1486 2317 frustra

90 2329 127 2368 (r
151 2339 244 2365 eras.
272 2328 325 2364 M
328 2328 418 2376 ¹)M
421 2328 522 2374 ΟΤΙ
543 2333 587 2365 14
615 2329 855 2365 effunderent
874 2330 962 2365 LN
974 2329 1009 2365 V
1014 2329 1114 2374 MT,
1140 2327 1399 2366 diffunderent
1427 2330 1485 2377 05

94 2379 142 2412 23
168 2376 278 2422 atqui
302 2388 386 2423 eqo,
417 2376 549 2423 itaque
581 2378 685 2414 codd.
718 2378 731 2424 ss
763 2382 809 2413 27
837 2380 877 2413 et
907 2377 1027 2413 traxit
1054 2377 1089 2413 L
1120 2381 1155 2414 et
1179 2389 1276 2415 α.1·.
1305 2381 1415 2423 (corr.
1443 2380 1485 2414 in

95 2424 289 2462 contraxit
302 2425 447 2471 N²)N,
473 2427 664 2463 contraxit
683 2426 870 2472 VMOT‚·
895 2427 938 2463 de
958 2436 1034 2471 qua
1053 2426 1100 2471 cf.
1120 2437 1150 2463 c.
1167 2425 1284 2472 XVI,
1302 2427 1485 2475 991051}

1436 2562 1439 2567 r
1454 2549 1463 2576 1
