1592 2612
164 86 406 158 'summus
428 116 628 155 Doumo
652 116 815 154 PAPAE
841 116 1034 154 rAUs'ro
1060 115 1304 154 SALUTEM.
1355 115 1447 160 205

66 220 237 263 huiusce
266 207 494 262 temeritate
525 218 796 272 devenustari,
822 220 917 271 quia
940 223 1078 259 tantus
1103 222 1166 258 est
1196 217 1298 257 livor
1328 217 1446 258 dero-

68 286 267 336 gatorum,
284 285 332 322 ut
349 281 529 334 materia,
548 292 670 333 quam
688 281 829 334 mittis,
849 278 1028 320 velocius
1048 279 1241 319 sortiatur
1258 277 1446 318 inchoata
1484 296 1487 301 ·

68 341 265 396 probrum
295 353 415 395 quam
446 341 659 382 terminata
691 340 937 393 suffragium.
999 351 1157 379 memor
1191 339 1324 379 nostri
1354 350 1445 379 esse

66 402 253 456 dignare,
282 402 446 443 domine
476 413 591 454 papa.

714 529 793 573 111.

196 612 425 651 SIDONIUS
450 612 647 650 DOMINO
672 611 833 648 PAPAE
858 612 1051 649 FAUSTO
1079 611 1320 648 SALUTEM.
1486 623 1504 650 5

163 689 202 732 1.
252 691 394 732 Servat
436 690 771 731 consuetudinem
815 702 930 731 suam
972 696 1055 730 tam
1091 689 1278 730 facundia
1314 693 1448 729 vestra

67 763 190 805 quam
219 753 368 805 pietas,
404 756 524 804 atque
556 750 606 791 ob
638 750 715 791 hoc
747 750 971 804 granditer,
1010 749 1117 803 quod
1154 749 1305 790 diserte
1349 750 1450 789 scri-

68 813 179 867 bitis,
210 811 415 866 eloquium
449 813 707 865 suspicimus,
733 811 840 864 quod
872 810 1059 864 libenter,
1090 810 1291 850 affectum.
1341 814 1448 849 cete-

69 885 163 914 rum
193 872 243 914 ad
274 884 467 926 praesens
498 873 623 925 petita
655 873 771 912 venia
802 873 918 924 prius
943 873 1237 924 impetrataque
1263 871 1449 910 cautissi-

70 945 183 974 mum
225 945 319 974 reor
361 945 408 974 ac
453 931 763 973 saluberrimum
802 944 876 987 per
913 931 986 972 has
1022 943 1208 971 maxume
1254 931 1450 983 civitates,
1470 937 1505 963 1⁰

70 1006 174 1048 quae
216 993 389 1035 multum
433 994 514 1033 situ
564 1004 754 1045 segreges
798 998 935 1045 agunt,
990 991 1086 1032 dum
1131 996 1226 1031 sunt
1270 992 1452 1043 gentium

70 1053 249 1096 motibus
274 1055 421 1095 itinera
447 1057 647 1106 suspecta,
678 1051 771 1092 stilo
797 1052 1067 1105 frequentiori
1093 1052 1326 1092 renuntiare
1352 1050 1451 1091 dila-

68 1120 191 1168 taque
229 1115 428 1167 tantisper
464 1114 596 1154 mutui
639 1112 854 1154 sedulitate
894 1113 1094 1153 sermonis
1139 1124 1279 1152 curam
1315 1112 1452 1164 potius

70 1186 278 1216 assumere
310 1174 621 1215 conticescendi.
666 1173 774 1226 quod
805 1174 913 1213 inter
944 1172 1159 1213 obstrictas
1191 1172 1337 1212 affectu
1368 1184 1452 1211 me-

71 1235 207 1276 diante
232 1247 427 1288 personas
448 1236 716 1288 asperrimum
742 1246 984 1286 quamquam
1004 1238 1123 1286 atque
1143 1231 1453 1273 acerbissimum
1473 1237 1507 1265 1⁵

74 1300 149 1350 est,
179 1307 262 1336 non
292 1300 428 1336 tamen
460 1296 593 1335 causis
625 1295 802 1335 efficitur
827 1293 1202 1347 qualibuscumque,
1228 1293 1299 1333 sed
1326 1292 1453 1346 pluri·

73 1357 154 1396 mis
191 1357 316 1396 certis
356 1360 398 1396 et
434 1356 676 1395 necessariis
714 1366 898 1407 quaeque
937 1354 1109 1394 diversis
1139 1353 1455 1406 proficiscuntur

75 1428 127 1456 ex
145 1414 381 1468 originibus.
433 1413 472 1455 2.
506 1427 676 1468 quarum
695 1416 772 1455 ista
792 1414 944 1455 calculo
963 1415 1142 1467 primore
1162 1413 1455 1466 numerabitur,

75 1475 184 1529 quod
210 1475 413 1516 custodias
445 1487 635 1527 aggerum
661 1474 916 1527 publicorum
941 1486 1196 1527 nequaquam
1220 1473 1455 1514 tabellarius

76 1536 223 1576 transit
253 1536 533 1589 inrequisitus,
566 1536 636 1588 qui
661 1536 739 1575 etsi
764 1533 937 1587 periculi
967 1534 1080 1588 nihil,
1112 1538 1251 1587 utpote
1284 1535 1454 1574 crimine
1475 1539 1511 1566 2⁰

77 1608 240 1650 vacans,
283 1595 502 1649 plurimum
553 1607 648 1635 sane
692 1596 851 1648 perpeti
896 1594 998 1635 solet
1047 1594 1314 1647 difficultatis,
1359 1594 1456 1634 dum

77 1661 280 1697 secretum
329 1668 447 1696 omne
498 1654 729 1708 gerulorum
785 1654 954 1708 pervigil
1004 1654 1234 1707 explorator
1282 1653 1456 1707 indagat.

78 1729 252 1770 quorum
290 1718 326 1756 si
367 1716 469 1756 sorte
510 1717 721 1769 responsio
760 1714 1170 1768 quantulumcumque
1203 1714 1252 1754 ad
1284 1715 1457 1754 interro-

80 1782 170 1830 gata
199 1776 480 1830 trepidaverit,
524 1788 626 1828 quae
663 1788 744 1816 non
782 1777 1043 1816 inveniuntur
1074 1776 1241 1828 scripta,
1272 1774 1459 1814 mandata

80 1837 320 1891 creduntur3
357 1850 403 1877 ac
440 1849 514 1889 per
554 1835 629 1876 hoc
668 1837 841 1876 sustinet
878 1837 1068 1876 iniuriam
1099 1834 1357 1889 plerumque,
1389 1835 1459 1887 qui
1478 1840 1513 1867 2⁵

79 1899 268 1952 mittitur,
294 1899 364 1950 qui
396 1898 531 1950 mittit,
563 1896 767 1950 invidiam,
792 1895 963 1949 plusque
990 1898 1032 1935 in
1058 1895 1133 1936 hoc
1159 1901 1353 1949 tempore,
1379 1907 1458 1947 quo

80 1957 352 1998 aemulantum
384 1958 555 1997 invicem
582 1969 670 1997 sese
697 1956 854 2010 pridem
880 1956 1042 1997 foedera
1069 1960 1215 1996 statuta
1241 1963 1460 2007 regnorum

82 2016 215 2059 denuo
256 2030 329 2071 per
372 2017 632 2058 condiciones
676 2016 946 2057 discordiosas
990 2017 1180 2069 ancipitia
1224 2015 1459 2055 redduntur.

83 2075 123 2119 3.
167 2084 328 2132 praeter
364 2078 440 2118 hoc
485 2079 571 2130 ipsa
615 2089 729 2118 mens
773 2082 910 2117 nostra
955 2076 1188 2117 domesticis
1233 2076 1326 2115 hinc
1365 2075 1459 2116 inde

185 2209 205 2241 7
232 2205 373 2242 diserte
400 2204 567 2241 scribitis
594 2204 789 2251 eloquium
812 2204 1040 2252 suspicimus
1067 2205 1295 2258 Wmcwere‘p,
1320 2203 1462 2240 diserte

85 2253 264 2300 (disserte
292 2254 339 2299 0)
371 2252 524 2299 scriptis
557 2253 751 2308 eloquium
777 2253 1006 2300 suscipimus
1033 2252 1206 2296 LNCT,
1240 2251 1295 2287 sic
1321 2251 1463 2288 diserte

86 2301 130 2337 in
154 2301 306 2349 scriptis
340 2301 534 2347 eloquium
567 2301 794 2348 suscipimus
825 2301 896 2348 (sic
922 2301 1023 2337 diser
1047 2302 1090 2337 in
1114 2312 1188 2337 ras.
1209 2300 1287 2346 M‘,
1316 2299 1358 2336 iu
1381 2312 1410 2337 s.
1439 2301 1462 2337 l.

86 2350 176 2435 fag..
197 2351 358 2435 *gez—giu
367 2354 433 2444 {4¹¹
450 2349 642 2386 obtrectas
662 2350 698 2387 L
715 2352 729 2397 ΙΙ
749 2354 794 2387 15
815 2355 901 2397 post
927 2348 1175 2395 asperrimum
1202 2349 1268 2397 leq.
1289 2350 1349 2385 est
1366 2350 1408 2386 in
1428 2349 1463 2384 L
