1592 2612
624 132 833 170 CARMEN
857 132 922 169 IX.

295 238 434 278 fratris
466 236 638 276 crimine
671 236 742 288 qui
771 236 900 275 miser
929 235 1080 274 voratis

294 299 431 338 vivum
461 295 702 350 pignoribus
733 296 810 336 fuit
842 294 1093 348 sepulcrum,

297 370 391 400 cum
419 362 514 412 post
543 357 617 397 has
650 356 790 410 epulas
821 361 991 409 repente
1024 355 1141 395 flexis

205 426 275 461 115
299 419 419 460 Titan
450 417 639 459 curribus
672 416 862 458 occidens
894 416 943 456 ad
976 420 1111 456 ortum

297 480 506 521 convivam
537 478 713 532 fugeret,
745 477 854 518 diem
886 477 1055 529 fugaret.

356 539 441 580 Nec
471 539 577 592 Fryx
609 543 747 592 pastor
778 539 857 578 erit
887 537 964 577 tibi
994 535 1208 590 legendus,

297 600 539 642 decrescens
571 601 637 640 cui
667 598 895 652 Dindymon
925 599 1058 638 reciso

296 662 427 702 fertur
456 662 608 701 vertice
640 661 821 700 texuisse
854 658 1044 711 classem,

206 730 275 764 120
301 734 395 763 cum
424 723 542 762 iussu
571 720 741 761 Veneris
773 720 1067 773 patrocinantis

296 787 427 823 terras
459 781 645 822 Oebalias
677 785 718 821 et
748 779 968 833 hospitales

297 847 435 896 raptor
466 841 732 895 depopulatus
765 846 828 881 est
858 839 1061 893 Amyclas,

296 903 487 957 praedam
518 908 631 943 trans
662 901 828 955 pelagus
860 906 1003 954 petens
1036 911 1262 952 sequacem.

299 963 371 1004 sed
401 976 477 1003 nec
508 963 703 1015 Pergama
734 974 808 1002 nec
841 961 1021 1001 decenne
1053 959 1205 1000 bellum

204 1033 273 1066 125
299 1037 375 1065 nec
407 1036 545 1064 saevas
576 1023 888 1076 Agamemnonis
920 1020 1138 1074 phalangas

298 1097 375 1126 nec
405 1085 585 1138 periuria
616 1095 840 1137 persequar
871 1082 1053 1135 Sinonis,

301 1158 373 1186 arx
405 1157 485 1198 quo
516 1144 693 1185 Palladio
725 1143 855 1184 dicata
888 1144 1003 1195 signo

298 1205 443 1260 pellaci
474 1210 654 1245 reserata
686 1204 893 1257 proditore

298 1270 527 1320 portantem
558 1265 716 1319 pedites
747 1276 897 1317 equum
929 1265 1096 1316 recepit.

205 1335 275 1368 130
361 1326 451 1366 Non
482 1327 549 1366 hic
580 1326 786 1366 Maeoniae
819 1324 912 1365 stilo
945 1324 1144 1365 Camenae

300 1388 399 1428 civis
431 1386 687 1439 Dulichiique
718 1385 982 1437 Thessalique

299 1448 491 1487 virtutem
524 1447 844 1499 sapientiamque
876 1457 1017 1499 narro,

303 1519 476 1560 quorum
507 1507 573 1547 hic
605 1506 763 1546 Peliaco
794 1511 959 1558 putatur
991 1510 1107 1545 antro

302 1573 469 1621 venatu,
501 1567 669 1621 fidibus,
700 1565 900 1619 palaestra
932 1571 973 1605 et
1003 1564 1143 1605 herbis

207 1637 276 1670 135
303 1627 378 1668 sub
413 1627 677 1680 Saturnigena
710 1639 807 1667 sene
839 1627 1068 1678 institutus,

302 1689 398 1729 dum
430 1701 537 1729 nunc
569 1687 697 1728 lustra
730 1692 868 1727 terens
900 1698 1002 1739 puer
1034 1686 1212 1726 serarum

301 1750 454 1802 passim
486 1761 559 1802 per
590 1747 767 1788 Pholoen
799 1749 904 1787 iacet
934 1748 1133 1799 nivosam,

301 1822 410 1850 nunc
442 1809 706 1862 praesepibus
739 1807 940 1848 accubans
972 1808 1115 1847 amatis

302 1869 453 1910 dormit
483 1868 645 1909 mollius
676 1871 719 1909 in
751 1868 845 1908 iuba
877 1868 1078 1920 magistri3

211 1939 279 1972 140
305 1930 398 1970 inde
432 1929 670 1982 Scyriadum
701 1929 817 1969 datus
849 1929 1009 1981 parenti

304 1990 426 2031 falsae
459 1991 621 2030 nomina
652 1989 869 2043 pertulisse
902 1987 1077 2041 Pyrrhae

305 2056 424 2104 atque
458 2052 566 2090 inter
597 2051 764 2090 tetricae
797 2050 943 2090 choros
974 2048 1177 2088 Minervae

305 2110 484 2152 occultos
515 2110 663 2150 Veneri
683 2115 849 2150 rotasse
880 2110 1063 2162 thyrsos5

304 2176 511 2225 postremo
543 2171 592 2210 ad
624 2170 792 2224 Frygiae
826 2182 969 2210 sonum
1002 2170 1166 2221 rapinae

211 2239 279 2273 145
305 2237 458 2272 tractus
490 2230 676 2272 laudibus
707 2231 893 2272 Hectoris
925 2229 1123 2270 trahendi.

306 2298 368 2332 ast
399 2292 531 2345 illum,
562 2293 629 2331 cui
661 2293 828 2345 contigit
860 2295 1068 2344 paternam

189 2423 255 2456 141
282 2419 511 2466 praet-ulisse
538 2420 643 2465 ΡΤΙ

1375 129 1465 173 299
