1592 2612
353 135 584 173 SIDONIUS
610 135 836 173 HERENIO
858 134 957 197 'SUO
985 135 1227 174 SALUTEM.
1428 137 1484 180 19

94 251 187 281 esse
212 238 475 294 parcendum,
501 238 650 292 quibus
676 238 777 279 caeli
797 240 862 279 sui
882 238 974 279 dote
995 240 1196 280 contentis
1217 251 1299 279 non
1319 239 1485 292 grandis

94 299 223 354 gloria
254 300 386 355 datur,
418 300 454 339 si
486 299 736 340 deteriorum
767 299 982 340 collatione
1015 299 1250 340 clarescant.
1292 299 1391 340 vale.

747 454 823 498 IX.

348 536 581 574 SIDONIUS
608 537 833 574 HERENIO
861 537 955 575 SUO
982 537 1226 576 SALUTEM.

188 613 226 656 1.
257 614 355 656 Post
386 616 549 669 nuptias
580 616 742 668 patricii
766 614 997 669 Ricimeris,
1029 615 1070 656 id
1103 620 1166 656 est
1197 620 1289 669 post
1320 617 1483 670 imperii

90 677 306 730 utriusque
339 688 437 730 opes
464 675 701 717 eventilatas
726 676 891 717 tandem
917 676 1094 717 reditum
1120 681 1183 717 est
1208 678 1251 717 in
1276 676 1480 730 publicam
1518 692 1536 719 5

34 746 40 752 ·
93 738 340 791 serietatem,
367 750 468 790 quae
496 737 620 777 rebus
647 737 861 777 actitandis
887 738 1049 777 ianuam
1076 749 1344 791 campumque
1370 743 1482 791 pate-

90 798 197 838 fecit.
259 799 416 838 interea
453 810 528 838 nos
565 797 679 838 Pauli
715 797 976 851 praefectorii
1016 803 1099 838 tam
1137 797 1321 839 doctrina
1361 812 1491 852 quam

90 859 303 900 sanctitate
328 859 571 899 venerandis
597 857 752 899 laribus
773 860 933 912 excepti
953 860 1123 899 comiter
1148 858 1318 899 blandae
1343 859 1481 913 hospi-

88 918 256 960 talitatis
301 919 446 960 officiis
492 918 787 960 excolebamur.
856 932 980 972 porro
1024 932 1108 960 non
1145 921 1224 960 isto
1265 922 1481 973 quisquam

87 981 176 1020 viro
208 984 271 1021 est
307 981 350 1020 in
382 982 494 1020 omni
531 981 679 1020 artium
711 992 860 1033 genere
892 981 1175 1034 praestantior.
1228 980 1328 1021 deus
1360 980 1479 1036 bone,
1499 997 1536 1023 ιο

88 1052 192 1094 quae
231 1039 299 1081 ille
337 1040 685 1094 propositionibus
725 1041 969 1095 aenigmata,
1008 1042 1223 1082 sententiis
1263 1042 1480 1097 schemata,

86 1100 275 1142 versibus
305 1106 518 1156 commata,
550 1101 688 1154 digitis
720 1101 1023 1142 mechanemata
1056 1101 1168 1142 facit!
1210 1101 1310 1143 illud
1343 1107 1480 1143 tamen

87 1163 130 1202 in
155 1161 299 1203 eodem
325 1156 554 1203 studiorum
579 1163 761 1203 omnium
788 1162 950 1203 culmen
969 1164 1191 1217 antevenit,
1224 1163 1332 1216 quod
1358 1163 1480 1204 habet

86 1222 182 1264 huic
227 1224 423 1263 eminenti
461 1224 654 1264 scientiae
693 1224 983 1264 conscientiam
1023 1225 1289 1277 superiorem.
1353 1226 1479 1277 igitur

86 1296 162 1337 per
191 1283 300 1325 hunc
330 1285 521 1338 primum,
554 1285 590 1324 si
622 1285 713 1337 quis
747 1297 908 1337 quoquo
941 1284 1061 1324 modo
1088 1286 1131 1324 in
1158 1284 1290 1325 aulam
1323 1286 1476 1338 gratiae
1498 1299 1532 1326 15

87 1343 233 1399 aditus»,
258 1344 443 1399 explor03
476 1357 568 1385 cum
594 1344 671 1385 hoc
697 1345 875 1399 confero,
907 1346 1073 1398 quinam
1099 1347 1359 1398 potissimum
1384 1359 1478 1399 pro-

87 1417 227 1445 cerum
260 1404 411 1459 spebus
442 1405 595 1446 valeret
620 1407 772 1446 nostris
798 1405 999 1459 opitulari.
1053 1404 1092 1446 2.
1124 1418 1201 1446 nec
1227 1419 1324 1447 sane
1351 1406 1478 1447 multa

89 1467 305 1520 cunctatio,
338 1467 432 1519 quia
457 1467 590 1520 pauci,
616 1466 665 1506 de
693 1479 867 1519 quorum
894 1466 1079 1519 eligendo
1106 1469 1333 1520 patrocinio
1361 1467 1477 1508 dubi-

86 1530 252 1567 taretur.
285 1529 288 1531 ’
322 1531 440 1566 erant
484 1526 649 1579 quidem
693 1528 737 1567 in
783 1532 924 1580 senatu
969 1527 1155 1580 plerique
1194 1528 1339 1581 opibus
1379 1528 1477 1569 culti

86 1598 235 1639 genere
274 1585 488 1641 sublimes,
532 1591 661 1627 aetate
700 1600 842 1640 graves
884 1587 1053 1628 consilio
1093 1587 1235 1643 utiles,
1280 1588 1475 1641 dignitate
1496 1605 1531 1631 20

90 1645 186 1688 elati
225 1646 456 1700 dignatione
496 1659 749 1702 communes,
789 1648 860 1689 sed
894 1653 1051 1689 servata
1089 1661 1188 1701 pace
1224 1648 1475 1702 reliquorum

89 1706 169 1748 duo
196 1707 491 1761 fastigatissimi
516 1708 764 1763 consulares,
791 1708 1023 1749 Gennadius
1043 1708 1218 1749 Avienus
1245 1714 1286 1749 et
1304 1709 1476 1750 Caecina

86 1766 279 1823 Basilius,
315 1781 413 1822 prae
453 1770 601 1810 ceteris
641 1769 1005 1823 conspiciebantur.
1069 1770 1113 1809 hi
1151 1771 1193 1809 in
1225 1770 1475 1823 amplissimo

86 1828 229 1869 ordine
257 1831 434 1883 seposita
458 1831 736 1883 praerogativa
762 1832 889 1884 partis
916 1835 1092 1870 armatae
1119 1829 1234 1870 facile
1261 1836 1353 1883 post
1379 1844 1474 1884 pur-

83 1894 275 1943 puratum
305 1891 534 1944 principem
566 1892 774 1944 principes
801 1896 928 1931 erant.
975 1891 1044 1931 sed
1078 1892 1185 1931 inter
1210 1891 1283 1931 hos
1312 1904 1473 1944 quoque
1492 1906 1529 1934 25

85 1961 328 2004 quamquam
370 1951 559 2004 stupendi
603 1956 738 1992 tamen
781 1953 883 1992 varii
927 1964 1062 1992 mores
1108 1956 1148 1992 et
1189 1953 1299 2004 genii
1335 1954 1473 2005 potius

32 2049 38 2052 ,
85 2023 207 2063 quam
243 2013 397 2064 ingenii
429 2011 663 2052 similitudo,
728 2012 842 2053 fabor
873 2025 1046 2065 namque
1081 2025 1204 2065 super
1241 2013 1305 2052 his
1339 2012 1473 2065 aliqua

85 2072 342 2112 succinctius.
394 2071 434 2112 3.
470 2073 646 2113 Avienus
679 2073 728 2113 ad
762 2073 1014 2114 consulatum
1047 2072 1257 2126 felicitate,
1296 2072 1471 2114 Basilius

83 2132 232 2172 virtute
268 2140 520 2186 pervenerat.
583 2134 718 2186 itaque
758 2133 998 2187 dignitatum
1037 2135 1078 2173 in
1110 2133 1261 2173 Avieno
1295 2134 1472 2175 iucunda

181 2288 203 2321 3
229 2284 386 2321 herenio
413 2285 503 2321 LN
509 2285 557 2332 T,
583 2285 742 2322 heronio
764 2286 815 2322 M
819 2286 851 2323 O
865 2288 877 2333 Η
898 2290 919 2323 8
946 2284 1155 2322 venerandi
1183 2285 1253 2332 Ffl
1271 2290 1293 2322 9
1317 2286 1471 2323 ‘excole-

82 2331 221 2368 bamur
243 2344 357 2380 porro
383 2345 453 2370 om.
478 2345 532 2381 sp.
555 2337 603 2371 14
628 2335 651 2372 l.
679 2347 712 2372 υ.
740 2335 776 2370 L
811 2336 825 2381 u
864 2340 909 2370 13
937 2334 1072 2371 eodem
1098 2334 1201 2379 LN,
1231 2346 1325 2371 corr.
1353 2347 1399 2372 ex
1426 2347 1471 2372 eo

84 2381 227 2427 M²T¹,
252 2393 298 2418 eo
330 2382 431 2429 1⁷01]
453 2386 498 2417 17
525 2393 617 2420 sane
643 2383 767 2419 multa
793 2383 990 2419 cunctatio
1017 2394 1084 2419 om.
1111 2393 1165 2429 sp.
1190 2385 1213 2419 7
1238 2383 1309 2420 litt.
1340 2396 1369 2421 υ.
1398 2384 1434 2419 L
1458 2384 1471 2432 Η

83 2432 130 2466 23
151 2433 240 2477 post
264 2429 307 2466 hi
332 2431 398 2479 leq.
425 2442 515 2467 nam
540 2432 584 2467 in
612 2432 646 2467 T
661 2433 674 2477 ss
693 2436 740 2468 26
760 2437 847 2479 post
872 2443 995 2468 mores
1024 2432 1088 2479 leq.
1117 2432 1226 2467 erant
1250 2433 1295 2468 in
1322 2433 1386 2478 Tu

1200 2492 1251 2528 2*
