1592 2612
145 113 247 151 XXX
685 106 972 143 PRAEFATIO.

149 239 205 243 -
232 213 286 254 lb.
320 211 346 253 3
386 223 527 252 rursus
567 210 696 250 codici
732 208 775 262 F,
814 209 883 260 qui
923 211 1014 260 post
1052 206 1336 257 impedimento
1375 204 1521 243 inserit

145 276 240 326 suit,
272 272 371 313 nihil
402 272 526 312 tribui
559 270 687 310 debet.
716 292 772 297 —-
805 268 860 308 Ib.
887 265 915 308 5
949 269 1019 308 diu
1052 265 1160 306 idem
1193 269 1255 305 est
1286 263 1391 317 quod
1420 266 1520 304 iam-

149 338 219 376 diu
254 330 321 390 (cf.
348 345 408 385 ep.
435 332 499 386 111,
528 331 565 384 1,
591 329 636 384 2,
668 329 729 383 IV,
755 328 795 383 3,
824 324 883 383 1),
915 333 960 368 ut
992 328 1223 367 coniectura
1255 327 1415 366 diutino
1453 324 1519 363 vix

147 407 247 448 opus
282 395 352 447 sit,
389 392 628 445 praesertim
666 402 757 430 cum
788 389 864 429 hoc
897 388 1137 428 adiectivum
1170 385 1274 439 apud
1307 384 1519 425 Sidonium

148 455 256 496 nullo
290 453 366 493 alio
398 452 483 492 loco
516 452 753 491 inveniatur.
787 472 843 477 —
876 448 930 489 lb.
954 447 977 488 7
1013 447 1061 487 de
1093 449 1176 488 huc
1207 459 1241 486 V.
1269 459 1330 499 ep.
1350 444 1397 499 Π,
1417 442 1458 498 9,
1477 442 1518 485 4.

148 539 203 544 -
230 514 285 554 Ib.
302 513 327 554 8
355 513 402 552 de
428 514 613 553 sedemus
633 524 666 550 v.
688 523 749 563 ep.
764 510 829 564 ΙΙΙ,
852 507 919 563 12,
940 507 967 549 2
993 513 1034 548 et
1052 506 1238 560 Engelhr.
1266 506 1289 546 l.
1305 506 1327 546 l.
1348 518 1386 559 p.
1402 504 1441 547 6.
1461 528 1518 533 ———

146 576 187 629 V,
216 573 283 628 19,
311 572 334 614 1
368 571 668 625 Luetjohannus
701 571 749 611 de
778 573 973 622 praelata
1006 567 1171 608 dubitat.
1224 567 1302 607 Sed
1329 566 1405 606 hoc
1432 578 1519 606 sae-

146 638 236 689 pius
268 646 339 687 pro
368 632 567 684 praefata
598 631 661 671 vel
688 633 921 682 praemissa
954 632 1192 681 usurpatum
1225 639 1316 668 esse
1348 631 1517 680 constat,

145 701 190 736 ut
221 697 262 734 in
295 694 494 733 locutione
523 695 718 744 praelata
749 693 998 732 salutatione
1023 689 1327 740 (sospitatione)
1354 700 1376 727 a
1400 686 1519 727 Ruri-

146 758 220 809 cio,
246 753 440 808 EnnodiO,
466 752 567 806 aliis,
598 756 643 792 ut
674 752 739 792 hic
772 763 930 803 quoque
964 750 1062 789 ferri
1093 760 1212 801 posse
1239 747 1432 788 videatur.
1461 770 1517 775 —

143 815 185 869 V,
211 814 282 869 20,
308 813 334 855 3
368 815 586 854 amabilius
617 817 813 852 mutatum
846 810 989 864 nolim,
1029 821 1120 849 cum
1153 808 1260 849 idem
1292 808 1377 849 fere
1411 807 1518 861 quod

143 877 333 916 libentius
366 874 574 926 significet.
627 872 683 912 Cf.
715 873 800 912 Act.
833 876 957 924 apost.
991 882 1123 923 apocr.
1156 868 1173 909 I
1205 882 1241 922 p.
1270 867 1310 923 3,
1345 866 1399 910 17
1434 863 1518 924 (ed.

143 931 322 990 Lipsius)
365 936 546 975 dieentes
584 935 800 974 amabilius
841 934 922 972 sibi
958 944 1045 972 esse
1087 931 1273 971 omnibus
1306 931 1519 970 tormentis

138 1008 218 1047 pro
257 997 447 1036 castitate
483 994 762 1034 succumbere.
804 1015 854 1021 —
896 992 951 1032 ΙΙ).
984 989 1014 1031 4
1051 990 1100 1030 de
1139 992 1348 1031 Arelatem
1387 1002 1421 1030 v.
1455 1001 1516 1042 ep.

142 1057 171 1110 Ι,
200 1055 267 1109 11,
295 1054 331 1095 7.
366 1077 422 1082 -
454 1053 515 1107 VI,
544 1053 581 1108 1,
607 1051 634 1094 5
666 1055 940 1104 resipiscendi
976 1051 1145 1092 verbum
1184 1063 1276 1090 cum
1309 1051 1517 1090 enuntiato

143 1116 428 1167 interrogativo
455 1116 636 1154 iunctum
668 1113 768 1153 nihil
799 1112 919 1153 habet
951 1112 1186 1152 offensionis
1218 1123 1369 1165 neque,
1410 1110 1518 1163 quod

145 1178 196 1216 sit
240 1188 340 1215 onus
384 1174 500 1226 illud,
546 1176 799 1227 episcopatus
850 1173 1047 1226 videlicet,
1093 1184 1335 1224 quemquam
1380 1170 1517 1211 fallere

142 1241 284 1289 potest.
317 1235 583 1282 Quamobrem
616 1247 709 1275 cum
741 1236 859 1283 enim,
893 1233 997 1286 quod
1030 1232 1062 1272 T
1094 1231 1267 1286 exhibet,
1299 1230 1515 1284 interpola-

142 1303 227 1337 tum
266 1308 353 1335 esse
393 1295 523 1335 credo.
567 1317 622 1322 —
662 1294 716 1334 lb.
751 1296 793 1334 in
833 1293 966 1334 verbis
1007 1296 1195 1345 impleam
1233 1305 1341 1343 quae
1378 1303 1519 1333 moneo

143 1353 222 1412 (sic
254 1355 284 1395 L
311 1361 350 1396 et
381 1360 425 1395 ut
450 1355 526 1395 vid.
554 1354 624 1408 Na,
658 1358 850 1406 imperem
883 1367 990 1404 quae
1022 1366 1103 1394 non
1137 1356 1280 1404 impleo
1313 1347 1516 1408 NbMCT)

142 1418 317 1469 permira
350 1420 411 1455 est
442 1415 625 1455 codicum
657 1415 937 1468 discrepantia,
965 1421 1004 1454 et
1029 1426 1103 1467 per
1129 1426 1172 1453 se
1199 1418 1377 1466 spectata
1410 1418 1517 1453 cete-

142 1489 279 1517 rorum
323 1475 518 1515 librorum
555 1475 673 1515 lectio
712 1475 773 1515 vel
816 1474 959 1515 melior
996 1474 1173 1528 videtur;
1211 1486 1343 1527 neque
1382 1478 1518 1514 tamen

142 1541 204 1577 est
243 1536 347 1589 quod
386 1535 493 1575 illam
533 1537 772 1588 scripturam
811 1535 1092 1588 interpolatam
1125 1546 1215 1574 esse
1251 1535 1516 1587 suspicemur.

141 1597 249 1644 Quae
283 1609 373 1636 cum
404 1597 458 1635 ita
491 1597 587 1650 sint,
625 1596 883 1650 relinquitur,
923 1595 1029 1648 quod
1068 1597 1110 1635 in
1143 1594 1274 1634 adnot.
1307 1596 1515 1649 proposui,

145 1663 190 1697 ut
215 1656 415 1709 duplicem
442 1655 672 1710 lectionem,
705 1669 823 1709 quam
849 1658 891 1696 in
918 1656 1132 1709 archetypo
1161 1660 1360 1695 servatam
1385 1655 1512 1695 fuisse

141 1717 395 1757 statuendum
434 1721 511 1770 est,
558 1722 831 1771 conectamus;
870 1729 1000 1769 neque
1039 1717 1179 1769 negari
1216 1720 1352 1768 potest
1390 1714 1513 1757 talem

142 1777 414 1817 membrorum
448 1778 740 1829 oppositionem
773 1790 793 1817 a
826 1777 982 1817 Sidonii
1021 1777 1196 1817 dictione
1229 1788 1311 1816 non
1344 1775 1516 1816 alienam

142 1850 249 1892 esse3
282 1837 329 1877 cs.
357 1849 417 1889 ep.
445 1836 505 1890 IV,
532 1835 602 1891 25,
628 1835 656 1878 5
681 1851 752 1878 seu
784 1840 845 1878 sic
871 1840 1068 1878 sentiente
1097 1839 1326 1878 concordia
1357 1850 1429 1878 seu
1455 1839 1517 1878 sic

139 1899 420 1939 concordante
457 1900 670 1938 sententia.
707 1921 758 1926 —
792 1897 847 1938 lh.
882 1897 908 1939 6
942 1901 1111 1938 assistas
1150 1901 1259 1938 recte
1300 1909 1343 1937 se
1375 1897 1516 1952 habet3

141 1958 189 1998 cs.
229 1960 478 2006 adiutorem,
520 1960 820 2008 fideiussorem,
867 1964 1005 1999 testem
1050 1961 1244 1999 assistere
1288 1953 1442 2014 (Faust.
1474 1971 1512 2011 p.

137 2017 214 2072 22,
242 2016 317 2071 26,
355 2016 487 2057 Ruric.
519 2030 555 2070 p.
591 2015 697 2072 384,
733 2016 806 2072 10,
842 2016 948 2073 434,
982 2016 1026 2073 9,
1066 2019 1113 2059 cf.
1146 2018 1246 2058 Plin.
1280 2017 1424 2071 Paneg.
1457 2015 1517 2059 40

140 2091 255 2119 nemo
301 2079 558 2131 observator,
608 2091 723 2119 nemo
776 2083 1004 2130 castiyator
1055 2081 1255 2128 adsistet).
1321 2078 1518 2119 Similiter

138 2140 298 2191 saepius
326 2139 444 2177 etiam
471 2140 700 2179 accedendi
723 2139 888 2179 verbum
915 2145 1145 2193 usurpatur,
1165 2138 1274 2179 velut
1299 2151 1321 2179 a
1349 2139 1514 2180 Sidonio

139 2211 199 2252 ep.
227 2198 292 2252 ΙΙΙ,
319 2196 359 2252 5,
390 2196 411 2238 1
448 2200 695 2240 intercessor
735 2203 977 2248 accederet;
1015 2213 1036 2239 a
1068 2200 1273 2240 Victorino
1312 2198 1445 2240 Faust.
1477 2213 1516 2253 p.

137 2257 238 2312 444,
268 2256 344 2312 10,
386 2270 406 2297 a
439 2257 601 2298 Ruricio
633 2272 670 2312 p.
698 2257 798 2313 390,
827 2259 880 2300 19
915 2260 961 2300 al.
996 2283 1051 2288 —
1084 2260 1145 2315 vl,
1171 2259 1212 2314 2,
1244 2258 1272 2300 2
1311 2273 1389 2301 nee
1422 2266 1519 2311 post

135 2322 271 2373 multo,
305 2319 486 2371 quamvis
512 2319 732 2359 insolenter
757 2320 879 2360 verba
912 2320 1102 2361 collocata
1129 2322 1222 2375 sint,
1254 2332 1334 2360 non
1361 2325 1514 2360 temere

135 2380 394 2433 mutaverim3
421 2384 516 2430 post
546 2382 669 2420 multo
702 2381 798 2420 satis
831 2381 1022 2434 frequens
1055 2394 1144 2422 esse
1177 2385 1317 2421 notum
1351 2385 1412 2421 est
1445 2377 1514 2437 (cf.
