1592 2612
158 115 245 159 336
664 114 872 152 OARMEN
896 115 1031 152 XXIII.

248 215 287 258 5.
331 217 453 271 Ecce,
504 218 688 269 quotiens
732 216 808 256 tibi
852 216 1016 257 libuerit
1058 218 1210 275 pateris
1254 219 1534 272 capacioribus

157 277 329 318 hilarare
362 279 603 331 convivium,
635 279 746 331 misi,
779 277 886 330 quod
918 278 1026 317 inter
1053 277 1225 331 scyphos
1251 283 1292 319 et
1317 280 1536 333 amystidas

157 343 246 378 tuas
277 337 396 390 legas.
460 337 693 378 subveneris
735 337 1002 378 verecundiae
1039 350 1172 393 meae,
1219 340 1253 380 si
1297 341 1341 380 in
1379 340 1536 381 sobrias

158 411 275 438 aures
313 400 388 438 ista
429 410 510 438 non
548 400 749 452 venerint3
788 411 863 438 nec
904 399 1051 438 iniuria
1083 398 1160 439 hoc
1186 412 1232 440 ac
1265 412 1382 441 secus
1415 406 1536 454 atque

121 471 138 499 5
159 471 330 511 aequum
363 463 423 498 est
460 458 613 513 flagito,
652 458 979 511 quandoquidem
1016 458 1172 500 Baccho
1211 472 1301 500 meo
1340 461 1538 502 iudicium

158 518 420 558 decemvirale
458 531 627 571 passuro
666 521 946 572 tempestivius
986 532 1106 572 quam
1138 522 1327 562 convenit
1357 522 1536 563 tribunal

159 580 336 631 erigitur.
388 577 426 620 6.
461 580 495 618 si
516 581 606 631 quis
627 584 761 620 autem
787 592 950 620 carmen
970 579 1168 633 prolixius
1189 586 1356 622 eatenus
1377 582 1539 624 duxerit

161 651 248 679 esse
281 638 542 694 culpandum,
575 640 680 692 quod
709 642 1009 693 epigrammatis
1036 643 1258 682 excesserit
1281 644 1537 698 paucitatem,

160 701 282 739 istum
313 699 465 752 liquido
491 705 601 752 patet
626 713 756 753 neque
783 700 946 741 balneas
970 701 1134 742 Etrusci
1159 714 1291 755 neque
1322 703 1539 745 Herculem

105 776 139 801 10
160 759 443 800 Surrentinum
475 773 605 813 neque
640 774 774 801 comas
812 761 938 802 Flavii
968 761 1108 802 Earini
1139 775 1271 816 neque
1303 763 1430 805 Tibur
1461 764 1537 804 Vo-

157 821 260 873 pisci
303 833 434 873 neque
480 823 642 861 omnino
686 823 900 875 quicquam
941 822 990 863 de
1027 822 1185 875 Papinii
1222 826 1352 865 nostri
1383 824 1538 865 silvulis

157 880 376 935 lectitasse3
417 894 514 934 quas
554 895 693 922 omnes
732 883 1027 936 descriptiones
1072 885 1133 923 vir
1176 883 1244 924 ille
1287 885 1538 938 praeiudica-

157 942 339 981 tissimus
371 954 450 981 non
484 942 750 984 distichorum
777 948 845 983 aut
869 944 1199 984 tetrastichorum
1225 946 1388 999 stringit
1414 958 1538 999 angu-

159 1002 265 1055 stiis,
314 1002 383 1041 sed
428 1004 581 1056 potius,
636 1008 681 1043 ut
723 1003 875 1056 lyricus
918 1003 1085 1045 Flaccus
1129 1006 1171 1045 in
1214 1007 1313 1046 artis
1355 1008 1538 1059 poeticae

104 1075 137 1101 15
158 1061 358 1102 volumine
395 1065 610 1117 praecipit,
658 1064 795 1104 multis
839 1064 1051 1118 isdemque
1095 1067 1313 1119 purpureis
1357 1066 1538 1108 locorum

159 1124 431 1162 communium
464 1125 606 1176 pannis
640 1124 764 1165 semel
796 1125 1003 1165 inchoatas
1036 1128 1226 1167 materias
1253 1127 1444 1168 decenter
1470 1140 1538 1168 ex-

159 1182 300 1222 tendit.
362 1183 460 1223 haec
492 1197 555 1224 me
588 1185 637 1224 ad
670 1185 917 1226 defensionis
950 1186 1178 1239 exemplum
1210 1189 1396 1240 posuisse
1428 1188 1539 1229 suffi-

160 1244 255 1296 ciat,
299 1255 352 1342 nei
391 1243 489 1284 haec
534 1247 620 1297 ipsa
665 1245 929 1298 longitudinis
975 1246 1204 1300 deprecatio
1248 1247 1365 1301 longa
1406 1248 1539 1290 videa-

157 1307 233 1342 tur.
291 1316 337 1343 va
355 1316 387 1344 e.

766 1424 928 1468 XXIII.

627 1506 694 1542 AD
721 1507 1055 1545 CONSENTIUM.

438 1581 537 1621 Cum
569 1584 648 1622 iam
679 1597 751 1636 pro
785 1587 942 1625 meritis
974 1587 1056 1626 tuis
1089 1598 1293 1640 pararem,

377 1641 584 1697 Consenti,
617 1643 801 1685 columen
833 1646 1037 1699 decusque
1069 1659 1247 1701 morum,

376 1707 531 1742 vestrae
565 1703 749 1745 laudibus
780 1706 1064 1759 hospitalitatis

377 1767 537 1802 cantum
569 1765 803 1817 impendere
835 1769 1024 1820 pauperis
1058 1768 1232 1821 cicutae,

331 1830 351 1862 5
378 1822 483 1862 ultro
515 1825 557 1863 in
590 1827 767 1865 carmina
799 1831 843 1867 tu
874 1827 1012 1868 tubam
1044 1827 1259 1868 recludens

379 1895 570 1923 converso
604 1885 744 1925 ordine
776 1887 960 1928 versibus
994 1889 1128 1928 citasti

378 1947 537 1982 suetum
569 1944 707 1985 ludere
735 1947 793 1986 sic
830 1950 957 2000 magis
991 1947 1179 1988 sodalem.

376 2007 491 2054 paret
521 2003 633 2044 Musa
665 2005 760 2060 tibi,
794 2008 863 2047 sed
897 2009 1173 2061 impudentem

378 2062 502 2102 multo
536 2067 692 2105 cautius
724 2066 818 2107 hinc
852 2068 989 2108 stilum
1022 2068 1215 2122 movebit3

310 2131 351 2162 10
377 2135 469 2162 nam
501 2136 592 2163 cum
625 2128 802 2166 carmina
832 2129 1011 2180 postules
1044 2129 1215 2183 diserte,

380 2183 523 2223 suades
556 2185 755 2240 scribere,
789 2188 857 2227 sed
885 2189 984 2229 facis
1015 2194 1160 2230 tacere.

260 2302 279 2334 7
307 2298 446 2334 dixerit
474 2300 508 2335 T
536 2302 548 2346 ss
580 2303 601 2335 8
628 2313 679 2337 an
704 2302 952 2347 parcitatem?
983 2307 995 2351 ΙΙ
1031 2309 1073 2341 10
1100 2316 1229 2341 comas
1254 2304 1380 2342 Flavii
1404 2304 1537 2341 Earini

161 2346 368 2393 Sirmond.;
394 2359 522 2383 cumas
549 2348 654 2384 flavii
679 2349 795 2385 farini
814 2353 916 2389 codd.
938 2356 949 2398 Η
972 2357 1015 2388 14
1042 2353 1178 2391 Horat.
1199 2366 1233 2390 a.
1250 2365 1289 2400 p.
1312 2357 1359 2390 14
1368 2365 1442 2402 sqq.
1472 2354 1536 2400 (ef.

164 2395 319 2442 Geisler,
344 2397 388 2432 de
413 2396 485 2443 Ap.
508 2396 585 2434 Sid.
606 2398 742 2435 studiis
763 2411 802 2446 p.
823 2403 869 2436 14
897 2402 983 2437 adn.
1006 2404 1047 2448 2)
1067 2404 1078 2448 Ι]
