<?xml version="1.0" encoding="UTF-8"?>
<!DOCTYPE html PUBLIC "-//W3C//DTD XHTML 1.0 Transitional//EN"
    "http://www.w3.org/TR/xhtml1/DTD/xhtml1-transitional.dtd">
<html xmlns="http://www.w3.org/1999/xhtml" xml:lang="en" lang="en">
 <head>
  <title>
</title>
<meta http-equiv="Content-Type" content="text/html;charset=utf-8" />
  <meta name='ocr-system' content='tesseract 3.04.00' />
  <meta name='ocr-capabilities' content='ocr_page ocr_carea ocr_par ocr_line ocrx_word'/>
</head>
<body>
  <div class='ocr_page' id='page_1' title='image "./csolliusapollina00sidouoft_0319.png"; bbox 0 0 1592 2612; ppageno 0'>
   <div class='ocr_carea' id='block_1_1' title="bbox 0 0 229 53">
    <p class='ocr_par' dir='ltr' id='par_1_1' title="bbox 0 0 229 53">
     <span class='ocr_line' id='line_1_1' title="bbox 0 0 229 53; baseline 0 2559"><span class='ocrx_word' id='word_1_1' title='bbox 0 0 229 53; x_wconf 95' lang='lat' dir='ltr'><strong> </strong></span> 
     </span>
    </p>
   </div>
   <div class='ocr_carea' id='block_1_2' title="bbox 605 118 1437 163">
    <p class='ocr_par' dir='ltr' id='par_1_2' title="bbox 605 118 1437 163">
     <span class='ocr_line' id='line_1_2' title="bbox 605 118 1437 163; baseline 0.007 -8"><span class='ocrx_word' id='word_1_2' title='bbox 605 118 814 156; x_wconf 78' lang='lat' dir='ltr'><strong>CARMEN</strong></span> <span class='ocrx_word' id='word_1_3' title='bbox 838 119 884 156; x_wconf 89' lang='lat' dir='ltr'><strong>V.</strong></span> <span class='ocrx_word' id='word_1_4' title='bbox 1347 118 1437 163; x_wconf 81' lang='grc'><strong>267</strong></span> 
     </span>
    </p>
   </div>
   <div class='ocr_carea' id='block_1_3' title="bbox 72 220 1435 2151">
    <p class='ocr_par' dir='ltr' id='par_1_3' title="bbox 172 220 1166 275">
     <span class='ocr_line' id='line_1_3' title="bbox 172 220 1166 275; baseline -0.002 -13"><span class='ocrx_word' id='word_1_5' title='bbox 172 221 264 262; x_wconf 88' lang='lat' dir='ltr'><strong>iure</strong></span> <span class='ocrx_word' id='word_1_6' title='bbox 295 233 381 275; x_wconf 91' lang='lat' dir='ltr'><strong>suo,</strong></span> <span class='ocrx_word' id='word_1_7' title='bbox 411 222 560 261; x_wconf 85' lang='lat' dir='ltr'><strong>virtute</strong></span> <span class='ocrx_word' id='word_1_8' title='bbox 591 232 693 275; x_wconf 92' lang='lat' dir='ltr'><strong>mea,</strong></span> <span class='ocrx_word' id='word_1_9' title='bbox 725 220 976 273; x_wconf 81' lang='lat' dir='ltr'><strong>fecundaque</strong></span> <span class='ocrx_word' id='word_1_10' title='bbox 1008 221 1166 275; x_wconf 89' lang='lat' dir='ltr'><strong>poenis,</strong></span> 
     </span>
    </p>

    <p class='ocr_par' dir='ltr' id='par_1_4' title="bbox 76 280 1322 578">
     <span class='ocr_line' id='line_1_4' title="bbox 76 280 1303 336; baseline -0.002 -13"><span class='ocrx_word' id='word_1_11' title='bbox 76 289 147 335; x_wconf 80' lang='grc'><strong>335</strong></span> <span class='ocrx_word' id='word_1_12' title='bbox 173 293 277 336; x_wconf 89' lang='lat' dir='ltr'><strong>quos</strong></span> <span class='ocrx_word' id='word_1_13' title='bbox 306 282 449 335; x_wconf 84' lang='lat' dir='ltr'><strong>patiar,</strong></span> <span class='ocrx_word' id='word_1_14' title='bbox 479 282 605 334; x_wconf 90' lang='lat' dir='ltr'><strong>pario.</strong></span> <span class='ocrx_word' id='word_1_15' title='bbox 667 283 845 335; x_wconf 90' lang='lat' dir='ltr'><strong>propriis</strong></span> <span class='ocrx_word' id='word_1_16' title='bbox 876 280 936 321; x_wconf 91' lang='lat' dir='ltr'><strong>nil</strong></span> <span class='ocrx_word' id='word_1_17' title='bbox 967 281 1131 322; x_wconf 87' lang='lat' dir='ltr'><strong>conficit</strong></span> <span class='ocrx_word' id='word_1_18' title='bbox 1162 282 1303 322; x_wconf 89' lang='lat' dir='ltr'><strong>armis:</strong></span> 
     </span>
     <span class='ocr_line' id='line_1_5' title="bbox 173 341 1261 397; baseline -0.001 -14"><span class='ocrx_word' id='word_1_19' title='bbox 173 341 366 397; x_wconf 87' lang='lat' dir='ltr'><strong>Gaetulis,</strong></span> <span class='ocrx_word' id='word_1_20' title='bbox 396 341 600 396; x_wconf 87' lang='lat' dir='ltr'><strong>Nomadis,</strong></span> <span class='ocrx_word' id='word_1_21' title='bbox 632 341 941 382; x_wconf 85' lang='lat' dir='ltr'><strong>Garamantibus</strong></span> <span class='ocrx_word' id='word_1_22' title='bbox 971 341 1261 396; x_wconf 88' lang='lat' dir='ltr'><strong>Autololisque,</strong></span> 
     </span>
     <span class='ocr_line' id='line_1_6' title="bbox 140 401 1256 462; baseline -0.002 -17.941"><span class='ocrx_word' id='word_1_23' title='bbox 140 403 340 462; x_wconf 83' lang='lat' dir='ltr'><strong>Arzuge,</strong></span> <span class='ocrx_word' id='word_1_24' title='bbox 369 401 623 458; x_wconf 78' lang='lat' dir='ltr'><strong>Marmarida,</strong></span> <span class='ocrx_word' id='word_1_25' title='bbox 653 401 799 457; x_wconf 82' lang='lat' dir='ltr'><strong>Psyllo,</strong></span> <span class='ocrx_word' id='word_1_26' title='bbox 830 402 1057 443; x_wconf 83' lang='lat' dir='ltr'><strong>Nasamone</strong></span> <span class='ocrx_word' id='word_1_27' title='bbox 1088 403 1256 443; x_wconf 88' lang='lat' dir='ltr'><strong>timetur</strong></span> 
     </span>
     <span class='ocr_line' id='line_1_7' title="bbox 175 462 1265 534; baseline -0.001 -30"><span class='ocrx_word' id='word_1_28' title='bbox 175 465 326 534; x_wconf 57' lang='lat' dir='ltr'><strong>segnis,</strong></span> <span class='ocrx_word' id='word_1_29' title='bbox 357 468 398 503; x_wconf 89' lang='lat' dir='ltr'><strong>et</strong></span> <span class='ocrx_word' id='word_1_30' title='bbox 429 464 586 515; x_wconf 86' lang='lat' dir='ltr'><strong>ingenti</strong></span> <span class='ocrx_word' id='word_1_31' title='bbox 617 463 771 504; x_wconf 82' lang='lat' dir='ltr'><strong>ferrum</strong></span> <span class='ocrx_word' id='word_1_32' title='bbox 804 464 883 503; x_wconf 91' lang='lat' dir='ltr'><strong>iam</strong></span> <span class='ocrx_word' id='word_1_33' title='bbox 915 464 1047 503; x_wconf 90' lang='lat' dir='ltr'><strong>nescit</strong></span> <span class='ocrx_word' id='word_1_34' title='bbox 1078 462 1128 503; x_wconf 93' lang='lat' dir='ltr'><strong>ab</strong></span> <span class='ocrx_word' id='word_1_35' title='bbox 1155 475 1265 504; x_wconf 90' lang='lat' dir='ltr'><strong>auro.</strong></span> 
     </span>
     <span class='ocr_line' id='line_1_8' title="bbox 174 523 1322 578; baseline -0.001 -13"><span class='ocrx_word' id='word_1_36' title='bbox 174 525 254 578; x_wconf 88' lang='lat' dir='ltr'><strong>ipsi</strong></span> <span class='ocrx_word' id='word_1_37' title='bbox 285 528 421 565; x_wconf 86' lang='lat' dir='ltr'><strong>autem</strong></span> <span class='ocrx_word' id='word_1_38' title='bbox 452 523 564 564; x_wconf 88' lang='lat' dir='ltr'><strong>color</strong></span> <span class='ocrx_word' id='word_1_39' title='bbox 594 525 823 578; x_wconf 86' lang='lat' dir='ltr'><strong>exsanguis,</strong></span> <span class='ocrx_word' id='word_1_40' title='bbox 856 536 976 576; x_wconf 92' lang='lat' dir='ltr'><strong>quem</strong></span> <span class='ocrx_word' id='word_1_41' title='bbox 1010 523 1172 577; x_wconf 88' lang='lat' dir='ltr'><strong>crapula</strong></span> <span class='ocrx_word' id='word_1_42' title='bbox 1204 528 1322 564; x_wconf 79' lang='lat' dir='ltr'><strong>vexat</strong></span> 
     </span>
    </p>

    <p class='ocr_par' dir='ltr' id='par_1_5' title="bbox 75 583 1388 880">
     <span class='ocr_line' id='line_1_9' title="bbox 75 583 1234 638; baseline -0.002 -12"><span class='ocrx_word' id='word_1_43' title='bbox 75 591 148 626; x_wconf 78' lang='lat'><strong>340</strong></span> <span class='ocrx_word' id='word_1_44' title='bbox 173 589 215 626; x_wconf 85' lang='lat' dir='ltr'><strong>et</strong></span> <span class='ocrx_word' id='word_1_45' title='bbox 244 584 399 638; x_wconf 89' lang='lat' dir='ltr'><strong>pallens</strong></span> <span class='ocrx_word' id='word_1_46' title='bbox 430 583 634 638; x_wconf 83' lang='lat' dir='ltr'><strong>pinguedo</strong></span> <span class='ocrx_word' id='word_1_47' title='bbox 666 589 790 638; x_wconf 86' lang='lat' dir='ltr'><strong>tenet,</strong></span> <span class='ocrx_word' id='word_1_48' title='bbox 821 597 1028 637; x_wconf 85' lang='lat' dir='ltr'><strong>ganeaque</strong></span> <span class='ocrx_word' id='word_1_49' title='bbox 1061 585 1234 637; x_wconf 91' lang='lat' dir='ltr'><strong>perenni</strong></span> 
     </span>
     <span class='ocr_line' id='line_1_10' title="bbox 170 644 1388 699; baseline 0 -13"><span class='ocrx_word' id='word_1_50' title='bbox 170 657 339 699; x_wconf 88' lang='lat' dir='ltr'><strong>pressus</strong></span> <span class='ocrx_word' id='word_1_51' title='bbox 370 650 624 686; x_wconf 83' lang='lat' dir='ltr'><strong>acescentem</strong></span> <span class='ocrx_word' id='word_1_52' title='bbox 657 645 887 685; x_wconf 89' lang='lat' dir='ltr'><strong>stomachus</strong></span> <span class='ocrx_word' id='word_1_53' title='bbox 918 657 1002 685; x_wconf 91' lang='lat' dir='ltr'><strong>non</strong></span> <span class='ocrx_word' id='word_1_54' title='bbox 1033 644 1207 699; x_wconf 86' lang='lat' dir='ltr'><strong>explicat</strong></span> <span class='ocrx_word' id='word_1_55' title='bbox 1237 657 1388 686; x_wconf 88' lang='lat' dir='ltr'><strong>auram.</strong></span> 
     </span>
     <span class='ocr_line' id='line_1_11' title="bbox 170 705 1231 760; baseline -0.001 -14"><span class='ocrx_word' id='word_1_56' title='bbox 170 718 244 760; x_wconf 92' lang='lat' dir='ltr'><strong>par</strong></span> <span class='ocrx_word' id='word_1_57' title='bbox 276 710 339 746; x_wconf 89' lang='lat' dir='ltr'><strong>est</strong></span> <span class='ocrx_word' id='word_1_58' title='bbox 369 707 451 746; x_wconf 84' lang='lat' dir='ltr'><strong>vita</strong></span> <span class='ocrx_word' id='word_1_59' title='bbox 482 707 588 759; x_wconf 65' lang='lat' dir='ltr'><strong>suis,</strong></span> <span class='ocrx_word' id='word_1_60' title='bbox 618 718 701 746; x_wconf 93' lang='lat' dir='ltr'><strong>non</strong></span> <span class='ocrx_word' id='word_1_61' title='bbox 733 707 791 746; x_wconf 89' lang='lat' dir='ltr'><strong>sic</strong></span> <span class='ocrx_word' id='word_1_62' title='bbox 823 705 1024 746; x_wconf 87' lang='lat' dir='ltr'><strong>Barcaeus</strong></span> <span class='ocrx_word' id='word_1_63' title='bbox 1057 707 1231 759; x_wconf 90' lang='lat' dir='ltr'><strong>opimam</strong></span> 
     </span>
     <span class='ocr_line' id='line_1_12' title="bbox 170 765 1240 820; baseline -0.002 -13"><span class='ocrx_word' id='word_1_64' title='bbox 170 765 370 807; x_wconf 87' lang='lat' dir='ltr'><strong>Hannibal</strong></span> <span class='ocrx_word' id='word_1_65' title='bbox 401 766 450 806; x_wconf 88' lang='lat' dir='ltr'><strong>ad</strong></span> <span class='ocrx_word' id='word_1_66' title='bbox 482 765 660 819; x_wconf 90' lang='lat' dir='ltr'><strong>Capuam</strong></span> <span class='ocrx_word' id='word_1_67' title='bbox 691 767 826 820; x_wconf 90' lang='lat' dir='ltr'><strong>periit,</strong></span> <span class='ocrx_word' id='word_1_68' title='bbox 858 779 950 806; x_wconf 92' lang='lat' dir='ltr'><strong>cum</strong></span> <span class='ocrx_word' id='word_1_69' title='bbox 983 766 1102 806; x_wconf 85' lang='lat' dir='ltr'><strong>fortia</strong></span> <span class='ocrx_word' id='word_1_70' title='bbox 1134 765 1240 806; x_wconf 89' lang='lat' dir='ltr'><strong>bello</strong></span> 
     </span>
     <span class='ocr_line' id='line_1_13' title="bbox 171 826 1064 880; baseline -0.001 -13"><span class='ocrx_word' id='word_1_71' title='bbox 171 828 279 867; x_wconf 89' lang='lat' dir='ltr'><strong>inter</strong></span> <span class='ocrx_word' id='word_1_72' title='bbox 311 826 477 867; x_wconf 90' lang='lat' dir='ltr'><strong>delicias</strong></span> <span class='ocrx_word' id='word_1_73' title='bbox 508 826 713 867; x_wconf 86' lang='lat' dir='ltr'><strong>mollirent</strong></span> <span class='ocrx_word' id='word_1_74' title='bbox 744 839 914 880; x_wconf 88' lang='lat' dir='ltr'><strong>corpora</strong></span> <span class='ocrx_word' id='word_1_75' title='bbox 945 826 1064 867; x_wconf 90' lang='lat' dir='ltr'><strong>Baiae</strong></span> 
     </span>
    </p>

    <p class='ocr_par' dir='ltr' id='par_1_6' title="bbox 74 886 1435 1182">
     <span class='ocr_line' id='line_1_14' title="bbox 74 886 1246 942; baseline -0.001 -14"><span class='ocrx_word' id='word_1_76' title='bbox 74 895 145 928; x_wconf 83' lang='lat'><strong>345</strong></span> <span class='ocrx_word' id='word_1_77' title='bbox 172 893 226 942; x_wconf 87' lang='lat' dir='ltr'><strong>et,</strong></span> <span class='ocrx_word' id='word_1_78' title='bbox 257 900 301 927; x_wconf 89' lang='lat' dir='ltr'><strong>se</strong></span> <span class='ocrx_word' id='word_1_79' title='bbox 332 886 529 927; x_wconf 86' lang='lat' dir='ltr'><strong>Lucrinas</strong></span> <span class='ocrx_word' id='word_1_80' title='bbox 562 899 640 940; x_wconf 90' lang='lat' dir='ltr'><strong>qua</strong></span> <span class='ocrx_word' id='word_1_81' title='bbox 672 889 802 939; x_wconf 84' lang='lat' dir='ltr'><strong>vergit</strong></span> <span class='ocrx_word' id='word_1_82' title='bbox 833 886 991 927; x_wconf 88' lang='lat' dir='ltr'><strong>Gaurus</strong></span> <span class='ocrx_word' id='word_1_83' title='bbox 1024 889 1067 927; x_wconf 92' lang='lat' dir='ltr'><strong>in</strong></span> <span class='ocrx_word' id='word_1_84' title='bbox 1099 886 1246 941; x_wconf 88' lang='lat' dir='ltr'><strong>undas,</strong></span> 
     </span>
     <span class='ocr_line' id='line_1_15' title="bbox 170 946 1109 1000; baseline -0.001 -12"><span class='ocrx_word' id='word_1_85' title='bbox 170 947 335 988; x_wconf 89' lang='lat' dir='ltr'><strong>brachia</strong></span> <span class='ocrx_word' id='word_1_86' title='bbox 366 946 562 1000; x_wconf 81' lang='lat' dir='ltr'><strong>Massylus</strong></span> <span class='ocrx_word' id='word_1_87' title='bbox 595 949 763 988; x_wconf 87' lang='lat' dir='ltr'><strong>iactaret</strong></span> <span class='ocrx_word' id='word_1_88' title='bbox 794 949 908 1000; x_wconf 87' lang='lat' dir='ltr'><strong>nigra</strong></span> <span class='ocrx_word' id='word_1_89' title='bbox 939 952 1109 988; x_wconf 89' lang='lat' dir='ltr'><strong>natator.</strong></span> 
     </span>
     <span class='ocr_line' id='line_1_16' title="bbox 171 1007 1435 1061; baseline -0.001 -12"><span class='ocrx_word' id='word_1_90' title='bbox 171 1013 290 1061; x_wconf 87' lang='lat' dir='ltr'><strong>atque</strong></span> <span class='ocrx_word' id='word_1_91' title='bbox 322 1007 414 1048; x_wconf 92' lang='lat' dir='ltr'><strong>ideo</strong></span> <span class='ocrx_word' id='word_1_92' title='bbox 451 1008 560 1048; x_wconf 85' lang='lat' dir='ltr'><strong>hunc</strong></span> <span class='ocrx_word' id='word_1_93' title='bbox 591 1007 800 1049; x_wconf 90' lang='lat' dir='ltr'><strong>dominum</strong></span> <span class='ocrx_word' id='word_1_94' title='bbox 833 1007 976 1048; x_wconf 87' lang='lat' dir='ltr'><strong>saltem</strong></span> <span class='ocrx_word' id='word_1_95' title='bbox 1008 1013 1101 1061; x_wconf 91' lang='lat' dir='ltr'><strong>post</strong></span> <span class='ocrx_word' id='word_1_96' title='bbox 1134 1007 1294 1048; x_wconf 89' lang='lat' dir='ltr'><strong>saecula</strong></span> <span class='ocrx_word' id='word_1_97' title='bbox 1325 1012 1435 1048; x_wconf 87' lang='lat' dir='ltr'><strong>tanta</strong></span> 
     </span>
     <span class='ocr_line' id='line_1_17' title="bbox 170 1067 1252 1123; baseline -0.001 -14"><span class='ocrx_word' id='word_1_98' title='bbox 170 1068 345 1110; x_wconf 92' lang='lat' dir='ltr'><strong>ultorem</strong></span> <span class='ocrx_word' id='word_1_99' title='bbox 375 1069 477 1108; x_wconf 92' lang='lat' dir='ltr'><strong>mihi</strong></span> <span class='ocrx_word' id='word_1_100' title='bbox 508 1068 646 1123; x_wconf 92' lang='lat' dir='ltr'><strong>redde,</strong></span> <span class='ocrx_word' id='word_1_101' title='bbox 677 1081 834 1123; x_wconf 80' lang='lat' dir='ltr'><strong>precor,</strong></span> <span class='ocrx_word' id='word_1_102' title='bbox 866 1081 917 1109; x_wconf 92' lang='lat' dir='ltr'><strong>ne</strong></span> <span class='ocrx_word' id='word_1_103' title='bbox 950 1068 1115 1109; x_wconf 87' lang='lat' dir='ltr'><strong>dimicet</strong></span> <span class='ocrx_word' id='word_1_104' title='bbox 1146 1067 1252 1108; x_wconf 90' lang='lat' dir='ltr'><strong>ultra</strong></span> 
     </span>
     <span class='ocr_line' id='line_1_18' title="bbox 171 1127 1159 1182; baseline -0.002 -12"><span class='ocrx_word' id='word_1_105' title='bbox 171 1129 367 1182; x_wconf 87' lang='lat' dir='ltr'><strong>Carthago</strong></span> <span class='ocrx_word' id='word_1_106' title='bbox 399 1128 555 1170; x_wconf 86' lang='lat' dir='ltr'><strong>Italiam</strong></span> <span class='ocrx_word' id='word_1_107' title='bbox 586 1127 755 1170; x_wconf 67' lang='lat' dir='ltr'><strong>contra?</strong></span> <span class='ocrx_word' id='word_1_108' title='bbox 818 1130 877 1170; x_wconf 89' lang='lat' dir='ltr'><strong>sic</strong></span> <span class='ocrx_word' id='word_1_109' title='bbox 909 1129 989 1169; x_wconf 84' lang='lat' dir='ltr'><strong>fata</strong></span> <span class='ocrx_word' id='word_1_110' title='bbox 1021 1128 1159 1169; x_wconf 90' lang='lat' dir='ltr'><strong>dolore</strong></span> 
     </span>
    </p>

    <p class='ocr_par' dir='ltr' id='par_1_7' title="bbox 73 1189 1344 1484">
     <span class='ocr_line' id='line_1_19' title="bbox 73 1189 1221 1243; baseline -0.002 -12"><span class='ocrx_word' id='word_1_111' title='bbox 73 1198 147 1231; x_wconf 87' lang='grc'><strong>350</strong></span> <span class='ocrx_word' id='word_1_112' title='bbox 171 1191 370 1243; x_wconf 83' lang='lat' dir='ltr'><strong>ingemuit</strong></span> <span class='ocrx_word' id='word_1_113' title='bbox 401 1189 661 1243; x_wconf 88' lang='lat' dir='ltr'><strong>lacrimisque</strong></span> <span class='ocrx_word' id='word_1_114' title='bbox 693 1202 838 1243; x_wconf 85' lang='lat' dir='ltr'><strong>preces</strong></span> <span class='ocrx_word' id='word_1_115' title='bbox 870 1189 1023 1230; x_wconf 88' lang='lat' dir='ltr'><strong>adiuvit</strong></span> <span class='ocrx_word' id='word_1_116' title='bbox 1055 1189 1221 1229; x_wconf 88' lang='lat' dir='ltr'><strong>obortis.</strong></span> 
     </span>
     <span class='ocr_line' id='line_1_20' title="bbox 170 1247 1344 1304; baseline 0 -14"><span class='ocrx_word' id='word_1_117' title='bbox 170 1250 235 1291; x_wconf 91' lang='lat' dir='ltr'><strong>his</strong></span> <span class='ocrx_word' id='word_1_118' title='bbox 266 1250 366 1290; x_wconf 89' lang='grc'><strong>11300</strong></span> <span class='ocrx_word' id='word_1_119' title='bbox 397 1250 524 1290; x_wconf 91' lang='lat' dir='ltr'><strong>Roma</strong></span> <span class='ocrx_word' id='word_1_120' title='bbox 555 1251 699 1291; x_wconf 80' lang='lat' dir='ltr'><strong>refert:</strong></span> <span class='ocrx_word' id='word_1_121' title='bbox 732 1247 888 1303; x_wconf 71' lang='lat' dir='ltr'><strong>‘longas</strong></span> <span class='ocrx_word' id='word_1_122' title='bbox 921 1252 1112 1303; x_wconf 86' lang='lat' dir='ltr'><strong>succinge</strong></span> <span class='ocrx_word' id='word_1_123' title='bbox 1145 1249 1344 1304; x_wconf 84' lang='lat' dir='ltr'><strong>querelas,</strong></span> 
     </span>
     <span class='ocr_line' id='line_1_21' title="bbox 170 1310 1167 1351; baseline -0.001 0"><span class='ocrx_word' id='word_1_124' title='bbox 170 1323 194 1351; x_wconf 95' lang='grc'><strong>0</strong></span> <span class='ocrx_word' id='word_1_125' title='bbox 226 1311 368 1351; x_wconf 83' lang='lat' dir='ltr'><strong>devota</strong></span> <span class='ocrx_word' id='word_1_126' title='bbox 399 1311 517 1351; x_wconf 90' lang='lat' dir='ltr'><strong>mihi:</strong></span> <span class='ocrx_word' id='word_1_127' title='bbox 548 1311 696 1351; x_wconf 84' lang='lat' dir='ltr'><strong>vindex</strong></span> <span class='ocrx_word' id='word_1_128' title='bbox 726 1310 804 1351; x_wconf 88' lang='lat' dir='ltr'><strong>tibi</strong></span> <span class='ocrx_word' id='word_1_129' title='bbox 834 1312 998 1351; x_wconf 91' lang='lat' dir='ltr'><strong>nomine</strong></span> <span class='ocrx_word' id='word_1_130' title='bbox 1031 1310 1167 1351; x_wconf 89' lang='lat' dir='ltr'><strong>divum</strong></span> 
     </span>
     <span class='ocr_line' id='line_1_22' title="bbox 169 1371 1226 1424; baseline -0.001 -13"><span class='ocrx_word' id='word_1_131' title='bbox 169 1371 415 1412; x_wconf 88' lang='lat' dir='ltr'><strong>Maiorianus</strong></span> <span class='ocrx_word' id='word_1_132' title='bbox 448 1373 537 1412; x_wconf 91' lang='lat' dir='ltr'><strong>erit.</strong></span> <span class='ocrx_word' id='word_1_133' title='bbox 600 1371 671 1412; x_wconf 91' lang='lat' dir='ltr'><strong>sed</strong></span> <span class='ocrx_word' id='word_1_134' title='bbox 703 1372 844 1424; x_wconf 83' lang='lat' dir='ltr'><strong>paucis</strong></span> <span class='ocrx_word' id='word_1_135' title='bbox 876 1384 1004 1424; x_wconf 87' lang='lat' dir='ltr'><strong>pauca</strong></span> <span class='ocrx_word' id='word_1_136' title='bbox 1034 1376 1226 1411; x_wconf 84' lang='lat' dir='ltr'><strong>retexam.</strong></span> 
     </span>
     <span class='ocr_line' id='line_1_23' title="bbox 170 1431 1165 1484; baseline 0 -13"><span class='ocrx_word' id='word_1_137' title='bbox 170 1444 220 1472; x_wconf 82' lang='lat' dir='ltr'><strong>ex</strong></span> <span class='ocrx_word' id='word_1_138' title='bbox 252 1443 332 1484; x_wconf 92' lang='lat' dir='ltr'><strong>quo</strong></span> <span class='ocrx_word' id='word_1_139' title='bbox 364 1431 619 1472; x_wconf 87' lang='lat' dir='ltr'><strong>Theudosius</strong></span> <span class='ocrx_word' id='word_1_140' title='bbox 650 1433 879 1472; x_wconf 90' lang='lat' dir='ltr'><strong>communia</strong></span> <span class='ocrx_word' id='word_1_141' title='bbox 910 1433 999 1472; x_wconf 91' lang='lat' dir='ltr'><strong>iura</strong></span> <span class='ocrx_word' id='word_1_142' title='bbox 1030 1432 1165 1484; x_wconf 84' lang='lat' dir='ltr'><strong>fugato</strong></span> 
     </span>
    </p>

    <p class='ocr_par' dir='ltr' id='par_1_8' title="bbox 72 1491 1277 1788">
     <span class='ocr_line' id='line_1_24' title="bbox 72 1491 1159 1545; baseline -0.002 -12"><span class='ocrx_word' id='word_1_143' title='bbox 72 1500 144 1533; x_wconf 83' lang='grc'><strong>355</strong></span> <span class='ocrx_word' id='word_1_144' title='bbox 171 1491 348 1532; x_wconf 87' lang='lat' dir='ltr'><strong>reddidit</strong></span> <span class='ocrx_word' id='word_1_145' title='bbox 379 1494 555 1532; x_wconf 85' lang='lat' dir='ltr'><strong>auctoris</strong></span> <span class='ocrx_word' id='word_1_146' title='bbox 588 1492 716 1545; x_wconf 84' lang='lat' dir='ltr'><strong>fratri,</strong></span> <span class='ocrx_word' id='word_1_147' title='bbox 748 1493 814 1532; x_wconf 91' lang='lat' dir='ltr'><strong>cui</strong></span> <span class='ocrx_word' id='word_1_148' title='bbox 845 1497 1006 1544; x_wconf 86' lang='lat' dir='ltr'><strong>guttura</strong></span> <span class='ocrx_word' id='word_1_149' title='bbox 1039 1492 1159 1544; x_wconf 75' lang='lat' dir='ltr'><strong>fregit</strong></span> 
     </span>
     <span class='ocr_line' id='line_1_25' title="bbox 170 1551 1277 1606; baseline -0.001 -14"><span class='ocrx_word' id='word_1_150' title='bbox 170 1557 263 1606; x_wconf 89' lang='lat' dir='ltr'><strong>post</strong></span> <span class='ocrx_word' id='word_1_151' title='bbox 293 1554 337 1592; x_wconf 93' lang='lat' dir='ltr'><strong>in</strong></span> <span class='ocrx_word' id='word_1_152' title='bbox 370 1564 412 1592; x_wconf 91' lang='lat' dir='ltr'><strong>se</strong></span> <span class='ocrx_word' id='word_1_153' title='bbox 444 1552 637 1592; x_wconf 87' lang='lat' dir='ltr'><strong>vertenda</strong></span> <span class='ocrx_word' id='word_1_154' title='bbox 669 1564 824 1605; x_wconf 82' lang='lat' dir='ltr'><strong>manuS,</strong></span> <span class='ocrx_word' id='word_1_155' title='bbox 856 1564 946 1592; x_wconf 88' lang='lat' dir='ltr'><strong>mea</strong></span> <span class='ocrx_word' id='word_1_156' title='bbox 978 1551 1106 1592; x_wconf 79' lang='lat' dir='ltr'><strong>Gallia</strong></span> <span class='ocrx_word' id='word_1_157' title='bbox 1139 1564 1277 1592; x_wconf 89' lang='lat' dir='ltr'><strong>rerum</strong></span> 
     </span>
     <span class='ocr_line' id='line_1_26' title="bbox 172 1612 1172 1666; baseline 0 -14"><span class='ocrx_word' id='word_1_158' title='bbox 172 1615 381 1666; x_wconf 86' lang='lat' dir='ltr'><strong>ignoratur</strong></span> <span class='ocrx_word' id='word_1_159' title='bbox 412 1612 543 1653; x_wconf 90' lang='lat' dir='ltr'><strong>adhuc</strong></span> <span class='ocrx_word' id='word_1_160' title='bbox 575 1612 750 1652; x_wconf 90' lang='lat' dir='ltr'><strong>dominis</strong></span> <span class='ocrx_word' id='word_1_161' title='bbox 782 1614 1002 1665; x_wconf 87' lang='lat' dir='ltr'><strong>ignaraque</strong></span> <span class='ocrx_word' id='word_1_162' title='bbox 1036 1613 1172 1652; x_wconf 86' lang='lat' dir='ltr'><strong>servit.</strong></span> 
     </span>
     <span class='ocr_line' id='line_1_27' title="bbox 172 1672 1216 1727; baseline -0.001 -14"><span class='ocrx_word' id='word_1_163' title='bbox 172 1686 221 1714; x_wconf 86' lang='lat' dir='ltr'><strong>ex</strong></span> <span class='ocrx_word' id='word_1_164' title='bbox 253 1672 322 1713; x_wconf 92' lang='lat' dir='ltr'><strong>illo</strong></span> <span class='ocrx_word' id='word_1_165' title='bbox 354 1672 524 1713; x_wconf 91' lang='lat' dir='ltr'><strong>multum</strong></span> <span class='ocrx_word' id='word_1_166' title='bbox 557 1674 692 1727; x_wconf 83' lang='lat' dir='ltr'><strong>periit,</strong></span> <span class='ocrx_word' id='word_1_167' title='bbox 725 1674 818 1725; x_wconf 93' lang='lat' dir='ltr'><strong>quia</strong></span> <span class='ocrx_word' id='word_1_168' title='bbox 850 1674 1034 1726; x_wconf 87' lang='lat' dir='ltr'><strong>principe</strong></span> <span class='ocrx_word' id='word_1_169' title='bbox 1067 1672 1216 1726; x_wconf 84' lang='lat' dir='ltr'><strong>clauso,</strong></span> 
     </span>
     <span class='ocr_line' id='line_1_28' title="bbox 172 1732 1221 1788; baseline 0 -15"><span class='ocrx_word' id='word_1_170' title='bbox 172 1735 357 1787; x_wconf 90' lang='lat' dir='ltr'><strong>quisquis</strong></span> <span class='ocrx_word' id='word_1_171' title='bbox 389 1738 487 1788; x_wconf 82' lang='lat' dir='ltr'><strong>erat,</strong></span> <span class='ocrx_word' id='word_1_172' title='bbox 518 1735 660 1773; x_wconf 89' lang='lat' dir='ltr'><strong>miseri</strong></span> <span class='ocrx_word' id='word_1_173' title='bbox 691 1733 863 1773; x_wconf 79' lang='lat' dir='ltr'><strong>diversis</strong></span> <span class='ocrx_word' id='word_1_174' title='bbox 895 1733 1078 1786; x_wconf 87' lang='lat' dir='ltr'><strong>partibus</strong></span> <span class='ocrx_word' id='word_1_175' title='bbox 1110 1732 1221 1773; x_wconf 89' lang='lat' dir='ltr'><strong>orbis</strong></span> 
     </span>
    </p>

    <p class='ocr_par' dir='ltr' id='par_1_9' title="bbox 75 1793 1391 2088">
     <span class='ocr_line' id='line_1_29' title="bbox 75 1793 1169 1847; baseline -0.002 -11"><span class='ocrx_word' id='word_1_176' title='bbox 75 1803 148 1836; x_wconf 87' lang='grc'><strong>360</strong></span> <span class='ocrx_word' id='word_1_177' title='bbox 174 1795 323 1834; x_wconf 86' lang='lat' dir='ltr'><strong>vastari</strong></span> <span class='ocrx_word' id='word_1_178' title='bbox 355 1793 549 1834; x_wconf 90' lang='lat' dir='ltr'><strong>sollemne</strong></span> <span class='ocrx_word' id='word_1_179' title='bbox 582 1794 667 1834; x_wconf 84' lang='lat' dir='ltr'><strong>suit.</strong></span> <span class='ocrx_word' id='word_1_180' title='bbox 732 1806 834 1846; x_wconf 91' lang='lat' dir='ltr'><strong>quae</strong></span> <span class='ocrx_word' id='word_1_181' title='bbox 866 1796 948 1834; x_wconf 80' lang='lat' dir='ltr'><strong>vita</strong></span> <span class='ocrx_word' id='word_1_182' title='bbox 979 1793 1169 1847; x_wconf 88' lang='lat' dir='ltr'><strong>placeret,</strong></span> 
     </span>
     <span class='ocr_line' id='line_1_30' title="bbox 171 1852 1391 1907; baseline -0.001 -12"><span class='ocrx_word' id='word_1_183' title='bbox 171 1867 264 1895; x_wconf 92' lang='lat' dir='ltr'><strong>cum</strong></span> <span class='ocrx_word' id='word_1_184' title='bbox 295 1860 430 1894; x_wconf 89' lang='lat' dir='ltr'><strong>rector</strong></span> <span class='ocrx_word' id='word_1_185' title='bbox 462 1854 732 1894; x_wconf 85' lang='lat' dir='ltr'><strong>moderandus</strong></span> <span class='ocrx_word' id='word_1_186' title='bbox 764 1852 880 1894; x_wconf 82' lang='lat' dir='ltr'><strong>erat?</strong></span> <span class='ocrx_word' id='word_1_187' title='bbox 912 1859 1142 1907; x_wconf 87' lang='lat' dir='ltr'><strong>contempta</strong></span> <span class='ocrx_word' id='word_1_188' title='bbox 1174 1859 1233 1894; x_wconf 86' lang='lat' dir='ltr'><strong>tot</strong></span> <span class='ocrx_word' id='word_1_189' title='bbox 1265 1866 1391 1894; x_wconf 91' lang='lat' dir='ltr'><strong>annos</strong></span> 
     </span>
     <span class='ocr_line' id='line_1_31' title="bbox 171 1914 1134 1968; baseline -0.001 -13"><span class='ocrx_word' id='word_1_190' title='bbox 171 1914 361 1956; x_wconf 84' lang='lat' dir='ltr'><strong>nobilitas</strong></span> <span class='ocrx_word' id='word_1_191' title='bbox 394 1916 535 1955; x_wconf 89' lang='lat' dir='ltr'><strong>iacuit:</strong></span> <span class='ocrx_word' id='word_1_192' title='bbox 567 1916 744 1968; x_wconf 85' lang='lat' dir='ltr'><strong>pretium</strong></span> <span class='ocrx_word' id='word_1_193' title='bbox 776 1914 1006 1967; x_wconf 89' lang='lat' dir='ltr'><strong>respublica</strong></span> <span class='ocrx_word' id='word_1_194' title='bbox 1038 1914 1134 1954; x_wconf 80' lang='lat' dir='ltr'><strong>forti</strong></span> 
     </span>
     <span class='ocr_line' id='line_1_32' title="bbox 171 1975 1286 2028; baseline -0.001 -13"><span class='ocrx_word' id='word_1_195' title='bbox 171 1975 328 2016; x_wconf 88' lang='lat' dir='ltr'><strong>rettulit</strong></span> <span class='ocrx_word' id='word_1_196' title='bbox 360 1975 562 2015; x_wconf 88' lang='lat' dir='ltr'><strong>invidiam.</strong></span> <span class='ocrx_word' id='word_1_197' title='bbox 625 1977 816 2028; x_wconf 85' lang='lat' dir='ltr'><strong>princeps</strong></span> <span class='ocrx_word' id='word_1_198' title='bbox 848 1975 948 2015; x_wconf 88' lang='lat' dir='ltr'><strong>haec</strong></span> <span class='ocrx_word' id='word_1_199' title='bbox 981 1976 1115 2015; x_wconf 89' lang='lat' dir='ltr'><strong>omnia</strong></span> <span class='ocrx_word' id='word_1_200' title='bbox 1146 1979 1286 2014; x_wconf 89' lang='lat' dir='ltr'><strong>noster</strong></span> 
     </span>
     <span class='ocr_line' id='line_1_33' title="bbox 172 2035 1263 2088; baseline -0.001 -13"><span class='ocrx_word' id='word_1_201' title='bbox 172 2037 341 2088; x_wconf 86' lang='lat' dir='ltr'><strong>corrigit</strong></span> <span class='ocrx_word' id='word_1_202' title='bbox 372 2041 490 2088; x_wconf 87' lang='lat' dir='ltr'><strong>atque</strong></span> <span class='ocrx_word' id='word_1_203' title='bbox 523 2041 638 2076; x_wconf 87' lang='lat' dir='ltr'><strong>tuum</strong></span> <span class='ocrx_word' id='word_1_204' title='bbox 670 2037 776 2076; x_wconf 86' lang='lat' dir='ltr'><strong>vires</strong></span> <span class='ocrx_word' id='word_1_205' title='bbox 809 2048 857 2075; x_wconf 81' lang='lat' dir='ltr'><strong>ex</strong></span> <span class='ocrx_word' id='word_1_206' title='bbox 890 2035 1078 2088; x_wconf 81' lang='lat' dir='ltr'><strong>gentibus</strong></span> <span class='ocrx_word' id='word_1_207' title='bbox 1111 2035 1263 2075; x_wconf 86' lang='lat' dir='ltr'><strong>addens</strong></span> 
     </span>
    </p>

    <p class='ocr_par' dir='ltr' id='par_1_10' title="bbox 77 2095 1386 2151">
     <span class='ocr_line' id='line_1_34' title="bbox 77 2095 1386 2151; baseline -0.002 -14"><span class='ocrx_word' id='word_1_208' title='bbox 77 2103 149 2137; x_wconf 83' lang='grc'><strong>365</strong></span> <span class='ocrx_word' id='word_1_209' title='bbox 176 2096 224 2136; x_wconf 88' lang='grc'><strong>311</strong></span> <span class='ocrx_word' id='word_1_210' title='bbox 256 2095 408 2136; x_wconf 82' lang='grc'><strong>1101111111</strong></span> <span class='ocrx_word' id='word_1_211' title='bbox 438 2108 513 2149; x_wconf 93' lang='lat' dir='ltr'><strong>per</strong></span> <span class='ocrx_word' id='word_1_212' title='bbox 543 2095 647 2136; x_wconf 88' lang='lat' dir='ltr'><strong>bella</strong></span> <span class='ocrx_word' id='word_1_213' title='bbox 679 2098 807 2151; x_wconf 85' lang='lat' dir='ltr'><strong>venit3</strong></span> <span class='ocrx_word' id='word_1_214' title='bbox 839 2109 931 2136; x_wconf 91' lang='lat' dir='ltr'><strong>nam</strong></span> <span class='ocrx_word' id='word_1_215' title='bbox 965 2097 1164 2136; x_wconf 83' lang='lat' dir='ltr'><strong>maximus</strong></span> <span class='ocrx_word' id='word_1_216' title='bbox 1197 2097 1277 2135; x_wconf 91' lang='lat' dir='ltr'><strong>isse</strong></span> <span class='ocrx_word' id='word_1_217' title='bbox 1311 2100 1386 2149; x_wconf 89' lang='lat' dir='ltr'><strong>est,</strong></span> 
     </span>
    </p>
   </div>
   <div class='ocr_carea' id='block_1_4' title="bbox 49 2259 1434 2453">
    <p class='ocr_par' dir='ltr' id='par_1_11' title="bbox 49 2259 1433 2453">
     <span class='ocr_line' id='line_1_35' title="bbox 148 2259 1433 2308; baseline 0 -12"><span class='ocrx_word' id='word_1_218' title='bbox 148 2264 218 2297; x_wconf 88' lang='grc'><strong>336</strong></span> <span class='ocrx_word' id='word_1_219' title='bbox 250 2260 518 2305; x_wconf 77' lang='lat' dir='ltr'><strong>Autololisque</strong></span> <span class='ocrx_word' id='word_1_220' title='bbox 549 2260 959 2308; x_wconf 77' lang='lat' dir='ltr'><strong>vu190,aut010isque</strong></span> <span class='ocrx_word' id='word_1_221' title='bbox 990 2259 1291 2306; x_wconf 86' lang='lat' dir='ltr'><strong>(autholoisque)</strong></span> <span class='ocrx_word' id='word_1_222' title='bbox 1328 2259 1433 2296; x_wconf 78' lang='lat' dir='ltr'><strong>codd.</strong></span> 
     </span>
     <span class='ocr_line' id='line_1_36' title="bbox 49 2307 1425 2356; baseline -0.001 -12"><span class='ocrx_word' id='word_1_223' title='bbox 49 2309 63 2356; x_wconf 85' lang='grc' dir='ltr'><strong>ΙΙ</strong></span> <span class='ocrx_word' id='word_1_224' title='bbox 107 2312 177 2345; x_wconf 78' lang='grc'><strong>348</strong></span> <span class='ocrx_word' id='word_1_225' title='bbox 214 2308 400 2345; x_wconf 81' lang='lat' dir='ltr'><strong>victorem</strong></span> <span class='ocrx_word' id='word_1_226' title='bbox 440 2310 489 2344; x_wconf 87' lang='lat' dir='ltr'><em>M</em></span> <span class='ocrx_word' id='word_1_227' title='bbox 532 2310 544 2355; x_wconf 85' lang='grc'><strong>[1</strong></span> <span class='ocrx_word' id='word_1_228' title='bbox 587 2312 659 2345; x_wconf 82' lang='grc'><strong>350</strong></span> <span class='ocrx_word' id='word_1_229' title='bbox 695 2309 874 2355; x_wconf 76' lang='lat' dir='ltr'><strong>adiungit</strong></span> <span class='ocrx_word' id='word_1_230' title='bbox 912 2310 949 2345; x_wconf 93' lang='lat' dir='ltr'><strong><em>P</em></strong></span> <span class='ocrx_word' id='word_1_231' title='bbox 988 2312 1000 2355; x_wconf 83' lang='grc' dir='ltr'><strong>ΙΙ</strong></span> <span class='ocrx_word' id='word_1_232' title='bbox 1044 2313 1114 2345; x_wconf 82' lang='lat'><strong>352</strong></span> <span class='ocrx_word' id='word_1_233' title='bbox 1152 2307 1308 2344; x_wconf 81' lang='lat' dir='ltr'><strong>numine</strong></span> <span class='ocrx_word' id='word_1_234' title='bbox 1348 2308 1383 2344; x_wconf 81' lang='lat' dir='ltr'><strong><em>T</em></strong></span> <span class='ocrx_word' id='word_1_235' title='bbox 1424 2330 1425 2336; x_wconf 62' lang='lat'><em>=</em></span> 
     </span>
     <span class='ocr_line' id='line_1_37' title="bbox 51 2355 1434 2405; baseline -0.001 -12"><span class='ocrx_word' id='word_1_236' title='bbox 51 2360 121 2394; x_wconf 84' lang='lat'><strong>353</strong></span> <span class='ocrx_word' id='word_1_237' title='bbox 146 2357 279 2403; x_wconf 83' lang='lat' dir='ltr'><strong>paucis</strong></span> <span class='ocrx_word' id='word_1_238' title='bbox 298 2358 422 2405; x_wconf 72' lang='lat' dir='ltr'><strong>vulqo,</strong></span> <span class='ocrx_word' id='word_1_239' title='bbox 446 2356 576 2403; x_wconf 73' lang='lat' dir='ltr'><strong>parvis</strong></span> <span class='ocrx_word' id='word_1_240' title='bbox 594 2358 699 2395; x_wconf 82' lang='lat' dir='ltr'><strong>codd.</strong></span> <span class='ocrx_word' id='word_1_241' title='bbox 722 2360 780 2403; x_wconf 80' lang='lat' dir='ltr'><strong>(in</strong></span> <span class='ocrx_word' id='word_1_242' title='bbox 798 2369 872 2394; x_wconf 87' lang='lat' dir='ltr'><strong>ras.</strong></span> <span class='ocrx_word' id='word_1_243' title='bbox 893 2355 970 2402; x_wconf 76' lang='lat' dir='ltr'><strong>Pb)</strong></span> <span class='ocrx_word' id='word_1_244' title='bbox 994 2359 1000 2404; x_wconf 81' lang='grc' dir='ltr'>Ι</span> <span class='ocrx_word' id='word_1_245' title='bbox 1023 2368 1142 2403; x_wconf 85' lang='lat' dir='ltr'><strong>parva</strong></span> <span class='ocrx_word' id='word_1_246' title='bbox 1165 2356 1196 2393; x_wconf 82' lang='lat'><em>0</em></span> <span class='ocrx_word' id='word_1_247' title='bbox 1209 2358 1222 2403; x_wconf 86' lang='grc' dir='ltr'><strong>ΙΙ</strong></span> <span class='ocrx_word' id='word_1_248' title='bbox 1241 2360 1311 2393; x_wconf 85' lang='grc'><strong>359</strong></span> <span class='ocrx_word' id='word_1_249' title='bbox 1332 2355 1434 2402; x_wconf 88' lang='lat' dir='ltr'><strong>quis—</strong></span> 
     </span>
     <span class='ocr_line' id='line_1_38' title="bbox 52 2404 1310 2453; baseline 0.002 -13"><span class='ocrx_word' id='word_1_250' title='bbox 52 2404 145 2450; x_wconf 89' lang='lat' dir='ltr'><strong>quid</strong></span> <span class='ocrx_word' id='word_1_251' title='bbox 173 2405 225 2442; x_wconf 87' lang='lat' dir='ltr'><strong><em>C</em></strong></span> <span class='ocrx_word' id='word_1_252' title='bbox 228 2405 446 2451; x_wconf 87' lang='lat' dir='ltr'><strong>,quicquid</strong></span> <span class='ocrx_word' id='word_1_253' title='bbox 475 2405 566 2442; x_wconf 69' lang='lat' dir='ltr'><strong>CbT</strong></span> <span class='ocrx_word' id='word_1_254' title='bbox 581 2406 594 2452; x_wconf 70' lang='lat' dir='ltr'>fl</span> <span class='ocrx_word' id='word_1_255' title='bbox 613 2409 682 2441; x_wconf 88' lang='grc'><strong>361</strong></span> <span class='ocrx_word' id='word_1_256' title='bbox 710 2407 910 2442; x_wconf 83' lang='lat' dir='ltr'><strong>moderans</strong></span> <span class='ocrx_word' id='word_1_257' title='bbox 937 2405 1048 2442; x_wconf 84' lang='lat' dir='ltr'><strong>derat</strong></span> <span class='ocrx_word' id='word_1_258' title='bbox 1073 2405 1310 2453; x_wconf 76' lang='lat' dir='ltr'><strong>Mommsenfl</strong></span> 
     </span>
    </p>
   </div>
  </div>
 </body>
</html>
