1592 2612
632 149 924 187 PRAEFATIO.
1381 150 1470 187 XXI

87 251 275 305 Engelbr.
310 251 334 292 l.
361 251 385 291 l.
412 264 450 305 p.
477 250 516 294 3.
550 274 607 279 —
639 251 695 292 lb.
723 249 750 291 9
790 250 1114 292 Gustafssonium
1154 257 1316 292 secutus
1355 265 1405 292 ex
1437 252 1466 293 C

87 324 235 354 arcam
275 314 423 365 recepi.
463 335 519 340 -—
557 311 632 366 lh„
677 324 919 364 quamquam
961 311 1204 353 Claudianus
1245 311 1466 353 Mamertus

87 370 152 413 bis
171 373 355 425 genetivo
382 385 545 414 ossuum
570 374 698 412 utitur
725 367 793 427 (cs.
815 373 937 412 etiam
958 372 1123 413 Bonnet.
1145 372 1169 413 l.
1190 372 1213 412 l.
1234 386 1272 426 p.
1294 371 1395 427 363,
1406 368 1468 429 6),

87 438 223 473 tamen
259 434 302 473 in
339 432 405 473 his
442 434 700 486 potissimum
738 432 861 473 rebus
900 433 1031 473 codici
1069 433 1100 472 L
1138 433 1357 486 plurimum
1396 435 1468 473 tri-

87 493 293 534 buendum
325 505 414 534 esse
454 494 629 534 confisus
669 495 819 534 ossium
857 495 982 534 tenui.
1017 517 1074 521 —
1106 493 1161 533 lb.
1192 492 1248 534 10
1286 506 1368 534 non
1407 499 1469 534 est

87 565 162 594 cur
193 558 238 594 at
265 553 519 607 repudietur3
552 554 601 594 cf.
627 553 814 606 Engelbr.
842 553 866 593 l.
894 553 917 594 l.
944 567 981 606 p.
1006 553 1071 595 10.
1102 578 1157 582 -—
1185 554 1239 593 lb.
1267 554 1316 594 ad
1342 567 1468 605 quae-

87 626 168 665 que
204 613 253 654 cf.
281 613 375 654 Cod.
403 613 599 654 Theodos.
627 613 716 668 XII,
746 613 790 668 1,
819 612 903 655 107
938 617 1184 665 quicumque
1306 628 1468 656 succes-

86 677 190 715 serit
229 677 381 725 quique
421 677 618 715 extiterit.
653 698 710 702 ——
748 674 819 728 ΠΙ,
850 673 922 729 14,
950 674 973 716 1
1020 678 1267 727 voluptatem
1307 676 1470 715 restitui

88 733 176 774 coll.
205 747 265 788 ep.
292 734 358 789 lx,
384 732 425 788 9,
445 733 472 775 9
499 740 546 776 ut
570 737 719 776 lectori
743 740 812 775 tuo
833 767 841 775 .
864 767 872 775 .
895 767 903 775 .
925 769 933 776 .
955 738 1014 776 vis
1040 738 1258 787 voluptatis
1285 738 1472 776 excudat

82 797 308 846 praeconii
337 797 632 836 necessitatem.
660 818 715 823 —
748 795 810 849 IV,
839 794 877 848 1,
904 794 931 835 2
965 795 1233 848 Luetjohanni
1265 797 1470 837 coniectu-

88 867 176 895 ram
205 857 534 906 qratulabantur
572 867 646 908 per
685 868 727 895 se
761 857 890 908 ipsam
924 868 1019 896 sane
1051 856 1302 909 probabilem
1335 861 1471 896 tamen

90 927 430 968 supervacaneam
462 928 551 956 esse
584 921 700 970 puto;
732 928 825 956 nam
856 929 987 968 neque
1015 918 1057 956 in
1083 916 1215 956 dativo
1241 917 1323 957 sibi
1347 917 1471 957 offen-

87 975 265 1015 dendum
306 980 369 1015 est
408 971 477 1031 (cf.
511 988 572 1028 ep.
599 975 687 1030 vll,
716 974 790 1029 14,
819 975 863 1030 13
903 975 1079 1017 Cassian.
1107 977 1202 1017 Inst.
1229 977 1319 1030 ΧΠ,
1345 976 1416 1031 27,
1445 976 1468 1018 1

87 1047 181 1076 cum
217 1037 300 1076 sibi
335 1039 400 1077 vel
429 1038 480 1077 de
518 1038 731 1077 nobilitate
769 1039 970 1077 natalium
1006 1040 1241 1087 qloriatur;
1277 1037 1467 1078 Prudent.

86 1097 224 1148 perist.
251 1095 353 1150 XIII,
378 1094 435 1137 97
470 1099 629 1147 eloquio
662 1099 781 1138 cuius
807 1099 888 1138 sibi
918 1099 1040 1138 docta
1070 1094 1301 1153 qloriatur)
1333 1110 1468 1151 neque

86 1157 128 1196 in
167 1158 366 1197 sententia
405 1152 512 1212 (²auf
546 1161 634 1197 etw.
677 1156 774 1197 stolz
815 1153 952 1213 sein').
988 1181 1043 1186 ——
1082 1157 1138 1198 Ib.
1173 1156 1200 1199 5
1239 1158 1471 1198 dubitanter

87 1217 234 1269 scripsi
260 1217 452 1258 suadente
472 1216 624 1257 Leone:
657 1220 777 1258 euius
803 1220 1075 1259 intemeratae
1096 1224 1242 1270 partes
1267 1224 1466 1269 quantum

85 1281 255 1328 spectat,
288 1291 314 1318 a
340 1279 477 1326 nobis;
509 1277 696 1331 displicet
721 1280 842 1332 enim,
873 1283 1156 1332 praeterquam
1182 1279 1289 1332 quod
1315 1279 1464 1319 locutio

86 1342 284 1387 quantum
318 1333 400 1393 (vel
431 1334 563 1393 quod)
594 1343 753 1390 spectat
785 1339 889 1392 apud
917 1339 1128 1379 Sidonium
1161 1341 1308 1379 ceteris
1338 1341 1466 1379 omni-

86 1397 162 1437 bus
195 1397 295 1438 locis
327 1410 421 1438 cum
452 1400 750 1452 praepositione
784 1401 843 1440 ad
872 1401 1065 1453 iungitur,
1097 1412 1172 1440 vox
1199 1403 1471 1441 intemeratae

86 1469 169 1498 non
201 1458 250 1498 ad
285 1459 473 1513 affectus,
513 1459 584 1499 sed
617 1459 665 1499 ad
698 1459 856 1512 longius
890 1465 1091 1500 remotum
1124 1463 1335 1501 amicitiae
1366 1461 1468 1500 refe-

87 1517 224 1558 renda.
282 1518 327 1558 In
359 1531 448 1558 mea
480 1520 609 1571 ipsius
642 1521 874 1560 coniectura
907 1522 948 1560 in
981 1520 1237 1561 adnotatione
1264 1522 1471 1574 proposita

90 1589 234 1618 rursus
267 1578 308 1618 id
341 1578 633 1619 dubitationem
658 1585 803 1634 movet,
836 1581 942 1632 quod
970 1581 1193 1621 secundum
1220 1585 1471 1621 constantem

91 1637 307 1678 verborum
327 1638 631 1679 collocationem
651 1640 904 1680 desideratur
924 1647 1123 1691 quantum
1143 1644 1201 1682 ad
1218 1654 1292 1682 nos
1310 1646 1473 1693 spectat

89 1694 277 1754 (excepto
309 1711 403 1752 ιιῐιο,
436 1701 660 1740 carminum
692 1705 845 1754 tamen,
883 1700 971 1741 loco
1002 1701 1107 1754 XVI,
1133 1700 1191 1741 42
1231 1704 1289 1742 ad
1319 1714 1472 1752 corpus

90 1765 289 1809 quantum
327 1755 519 1815 spectat).
554 1783 609 1788 -—
642 1760 703 1814 IV,
730 1760 770 1814 2,
798 1760 820 1801 1
862 1764 999 1802 multis
1037 1764 1167 1802 modis
1204 1763 1382 1815 restitui3
1421 1762 1470 1801 cf.

90 1818 278 1871 Engelbr.
319 1816 591 1861 ‘Untersuch.'
631 1834 668 1874 p.
702 1819 771 1862 29.
820 1845 875 1849 -
921 1821 975 1861 Ih.
1010 1820 1037 1863 3
1083 1822 1131 1861 ad
1176 1821 1297 1862 verba
1342 1834 1470 1872 ecquo

88 1885 214 1920 tumet
253 1879 354 1920 addo
392 1881 434 1920 in
472 1879 507 1920 N
547 1881 716 1921 fortasse
756 1882 881 1922 fuisse
920 1883 1026 1923 haec
1065 1895 1144 1933 quo
1182 1888 1265 1922 tum
1305 1888 1360 1936 et,
1401 1881 1471 1922 sed

90 1944 317 1980 correctum
351 1953 440 1980 esse
473 1942 515 1981 in
547 1943 653 1982 haec
685 1954 764 1992 quo
791 1947 874 1982 tam
905 1955 969 1983 ex.
996 1965 1054 1970 —
1081 1942 1136 1982 lb.
1163 1941 1192 1982 4
1225 1948 1331 1996 tuus,
1364 1941 1470 1995 quod

88 1999 207 2052 vulgo
241 2005 333 2052 post
364 2003 544 2042 intumus
576 2001 749 2056 additur,
782 2002 852 2042 sed
886 2004 927 2042 in
955 2002 1142 2043 omnihus
1169 2002 1375 2042 codicibus
1402 2002 1470 2042 de-

90 2065 165 2114 est,
198 2061 327 2100 omisi.
361 2084 417 2088 -—
451 2061 506 2101 Ib.
539 2065 657 2103 solito
690 2063 946 2103 retinendum
981 2068 1060 2116 est,
1093 2075 1183 2103 cum
1222 2063 1298 2103 hoc
1331 2063 1470 2103 adver-

88 2119 201 2160 bium
228 2120 333 2173 apud
361 2123 582 2174 scriptores
608 2122 718 2162 illius
742 2124 883 2163 aetatis
904 2135 1205 2175 nonnumquam
1226 2124 1471 2177 inveniatur3

89 2180 137 2219 cf.
165 2180 305 2221 Alcim.
332 2181 432 2221 Avit.
459 2194 495 2235 p.
524 2181 600 2236 88,
626 2181 654 2223 3
681 2179 764 2238 (P.)
804 2196 951 2224 euram
990 2186 1123 2224 nostri
1158 2186 1275 2225 solito
1310 2186 1471 2234 yet-itis.

89 2263 145 2268 —
180 2240 240 2294 IV,
267 2239 309 2294 3,
338 2240 360 2283 1
402 2254 476 2294 pro
508 2245 716 2294 sospitatis
747 2243 1050 2296 Luetjohannus
1082 2243 1195 2283 malit
1226 2246 1470 2293 sodalitatis,

88 2313 168 2340 non
202 2306 332 2356 recte3
366 2304 400 2341 si
433 2302 529 2355 quid
562 2305 726 2343 omnino
759 2304 996 2343 mutandum
1030 2309 1156 2358 esset,
1193 2306 1471 2355 sospitationis

89 2360 328 2415 scriberem3
362 2362 431 2402 sed
459 2375 509 2402 ne
535 2363 610 2403 hoc
639 2364 801 2416 quidem
828 2365 1103 2404 necessarium
1132 2369 1203 2404 est.
1257 2365 1471 2416 Sospitare

89 2422 199 2461 enim
233 2426 273 2462 et
304 2425 516 2474 sospitatio
542 2435 735 2476 persaepe
763 2424 870 2464 idem
899 2425 1125 2476 significant
1152 2424 1257 2477 quod
1284 2428 1471 2466 salutare
