1592 2612
630 115 923 156 PRAEFATIO.
1334 111 1471 149 XLVII

78 221 285 263 Claudian.
305 234 339 262 c.
359 220 536 276 XXXIII,
557 219 641 263 187
669 226 887 271 surgentes
913 220 1098 260 condunt
1122 218 1297 267 vestiyia
1323 218 1472 263 culmi;

10 278 13 279 ⁷
79 281 407 336 Ovid.Met.V1‚
433 280 492 323 80
523 293 853 334 percussamque
889 292 967 321 sua
1004 280 1173 319 simulat
1209 279 1261 318 de
1299 278 1472 328 cuspide

80 350 241 385 terram
272 345 399 385 edere
429 356 524 385 cum
550 345 668 385 bacis
694 342 828 394 fetam
861 342 1051 382 canentis
1083 341 1238 388 olivae;
1272 338 1320 379 cf.
1348 340 1471 379 etiam

79 417 113 445 c.
139 403 207 458 XI,
236 402 321 446 118
355 405 497 446 Pallas
535 406 716 445 madidis
754 405 865 444 venit
897 405 1007 442 inter
1033 402 1158 452 prela
1190 402 1376 451 trapetis.
1416 422 1467 428 --·

77 464 135 505 lb.
162 436 219 506 6’1
259 465 424 507 aranon
456 466 690 507 etiamnunc
721 463 867 504 falsum
900 474 990 503 esse
1025 461 1203 502 confisus
1237 455 1307 515 (cf.
1332 472 1468 513 progr.

77 525 202 567 Laub.
227 539 266 580 p.
295 522 373 583 12)
412 539 566 568 zonam
604 525 753 580 recepi.
787 547 845 552 -
883 523 939 564 Ib.
968 521 1026 564 88
1065 534 1148 563 non
1187 526 1249 562 est
1287 520 1469 576 dubium,

79 588 178 640 quin
209 589 323 628 hunc
355 600 495 629 aerem
528 586 876 640 interpretationis
910 596 1030 625 causa
1063 583 1263 636 additum,
1301 595 1394 622 cum
1426 584 1470 622 in

78 652 313 689 contextum
331 647 550 689 verborum
576 649 826 701 irrepsisset,
852 647 1069 699 genuinam
1096 645 1340 697 scripturam
1360 655 1469 683 sum-

78 710 268 749 moverit·
310 722 432 762 quam
472 708 606 762 aliqua
644 721 738 749 cum
775 706 1060 777 probabilitate
1099 706 1330 746 restituisse
1368 704 1470 744 mihi

76 769 236 825 videor,
258 741 374 811 ’cum
410 772 490 811 hoe
532 773 693 811 eaelum
735 769 884 821 scripsi
924 767 1014 808 coll.
1048 765 1129 807 Cic.
1163 765 1213 806 de
1246 765 1355 806 deor.
1388 770 1469 805 nat.

75 830 125 885 11,
152 828 228 885 913
260 830 420 872 Lucret.
446 831 509 884 IV,
538 829 642 884 1333
674 830 775 870 Plin.
802 834 882 869 nat.
909 829 1002 869 hist
1027 828 1076 883 Π,
1102 825 1172 868 38.
1204 849 1265 855 --
1294 826 1351 867 Ib.
1381 824 1470 867 104

77 892 128 932 de
159 863 273 932 hia⁷tu
304 894 390 933 nisi
419 905 517 942 esse,
551 904 672 945 quem
704 890 804 931 nihil
840 890 1076 930 offensionis
1108 888 1258 929 habere
1290 892 1402 942 puto,
1433 901 1469 929 v.

77 952 120 992 L.
141 952 321 993 Mueller.
347 951 397 993 de
424 965 468 993 re
495 957 611 993 metr.
632 965 670 1006 p.
692 949 947 1004 306—309‚
973 950 1045 991 ubi
1070 949 1137 990 hic
1157 949 1271 990 locus
1292 950 1469 990 omissus

77 1018 151 1054 est.
185 1037 243 1042 —
281 1013 338 1054 lb.
371 1011 454 1054 143
494 1013 543 1054 de
581 1014 681 1054 Cres
720 1026 754 1053 V.
782 1025 815 1053 c.
841 1011 945 1066 XIII,
974 1010 1042 1052 12.
1077 1034 1134 1039 —
1166 1009 1223 1050 Ib.
1253 1007 1338 1051 151
1381 1011 1468 1051 sine

77 1087 198 1115 causa
228 1073 535 1128 Luetjohannus
566 1087 641 1127 pro
676 1076 784 1115 idem
817 1072 942 1114 scribi
974 1071 1089 1112 malit
1122 1075 1208 1123 ipse
1214 1086 1230 1119 ;
1268 1071 1318 1112 cf.
1346 1083 1469 1124 supra

75 1148 111 1175 v.
151 1133 207 1176 91
254 1137 331 1176 sed
373 1137 481 1176 idem
490 1150 507 1183 ;
557 1148 619 1188 ep.
651 1134 695 1189 V,
728 1133 768 1188 7,
804 1133 827 1175 1
874 1140 921 1174 ut
972 1135 1078 1174 idem
1124 1144 1268 1173 eoram
1309 1135 1469 1183 positas

77 1198 235 1237 audisti
243 1211 260 1244 ;
289 1195 479 1250 Engelbr.
506 1195 530 1236 1.
557 1195 582 1236 l.
608 1209 646 1249 p.
674 1194 720 1249 23
754 1208 787 1235 v.
814 1196 936 1236 etiam
962 1207 1024 1248 ep.
1049 1194 1079 1248 1,
1100 1191 1140 1247 9,
1164 1191 1200 1234 7.
1224 1217 1281 1221 ——
1301 1194 1357 1234 lb.
1382 1191 1466 1234 167

77 1256 319 1298 Buecheleri
350 1259 627 1298 coniecturam
659 1262 704 1297 ut
736 1256 785 1296 ad
818 1255 1008 1296 traditam
1039 1255 1258 1295 lectionem
1283 1255 1467 1308 proxime

78 1318 339 1358 accedentem
370 1323 411 1358 et
443 1317 568 1358 simili
594 1317 804 1358 Claudiani
830 1316 919 1357 loco
945 1316 1146 1356 firmatam
1171 1315 1353 1369 vulgatae
1376 1314 1469 1366 fato

74 1385 320 1429 praestante
362 1381 537 1420 salutem
581 1378 766 1432 praetuli.
812 1401 870 1406 ——
915 1377 1020 1431 XVI,
1055 1375 1111 1418 78
1156 1380 1344 1418 veniente
1389 1371 1470 1430 (sic

77 1438 209 1493 vulgo,
246 1442 473 1480 venientem
507 1435 642 1495 codd.)
682 1440 855 1479 restitui.
890 1461 946 1466 —
979 1438 1035 1478 Ib.
1064 1435 1122 1478 99
1162 1444 1203 1478 et
1244 1436 1330 1479 105
1367 1435 1469 1477 nihil

79 1505 142 1540 est
174 1499 282 1553 quod
314 1513 398 1550 qua
429 1501 473 1540 in
505 1513 585 1550 quo
617 1505 834 1540 mutemus.
862 1522 919 1527 —-
952 1499 1008 1539 lb.
1040 1497 1125 1540 108
1159 1511 1207 1539 ex
1239 1498 1271 1538 P
1297 1500 1470 1550 pinquis

78 1562 238 1614 scripsi,
265 1572 509 1613 quamquam
533 1560 611 1601 hoc
635 1560 804 1600 verbum
832 1561 909 1608 (=
937 1562 1220 1611 impinqaare)
1247 1558 1344 1599 alibi
1367 1570 1469 1598 non-

79 1622 176 1661 dum
214 1622 369 1675 inveni3
407 1621 456 1661 cf.
490 1620 624 1661 Faust.
656 1634 694 1674 p.
723 1619 824 1674 326,
854 1619 907 1661 11
950 1623 1107 1661 ieiunia
1146 1625 1291 1661 nostra
1332 1622 1469 1661 elimo-

77 1694 280 1734 synarum
305 1684 519 1733 pinquedo
553 1683 818 1723 commendet.
845 1704 902 1709 ——
929 1680 1051 1735 XXII,
1077 1678 1135 1722 33
1163 1693 1212 1720 ex
1239 1679 1308 1721 CF
1333 1685 1472 1721 vertat

78 1741 259 1783 scribere
291 1741 428 1783 malui.
462 1765 519 1770 —
552 1742 608 1782 lb.
636 1740 692 1783 91
726 1741 815 1782 coll.
843 1755 875 1782 c.
901 1741 949 1795 Π,
975 1740 1062 1783 311
1097 1754 1175 1782 nec
1207 1743 1268 1781 bis
1299 1746 1470 1792 septena

76 1816 231 1845 sonare
268 1806 445 1844 vulnera
488 1803 768 1853 Tantalidum,
809 1815 985 1853 quorum
1023 1804 1100 1842 tibi
1131 1802 1290 1853 funera
1328 1807 1471 1842 servat

79 1870 229 1906 cantus
267 1864 403 1904 malim
442 1863 601 1915 funera
640 1870 698 1905 tot
733 1866 909 1915 patiens.
950 1886 1006 1890 —
1050 1862 1106 1903 Ib.
1133 1860 1191 1903 93
1232 1864 1368 1903 dolori
1403 1862 1469 1901 vix

80 1937 184 1978 opus
217 1929 280 1965 est
310 1926 353 1964 in
393 1927 548 1966 doloris
581 1930 748 1965 mutare.
813 1924 1005 1964 Sidonius
1044 1925 1225 1964 imitatus
1258 1928 1321 1963 est
1352 1921 1469 1962 Clau-

79 1985 184 2026 dian.
213 1999 245 2026 c.
272 1984 344 2039 111,
370 1983 459 2027 236
493 1998 575 2036 pro
612 1988 777 2026 saevior
816 1998 913 2026 ense
946 1987 1158 2036 parcendi
1193 1985 1334 2024 rabies
1373 1995 1468 2023 con-

80 2059 280 2097 cessaque
311 2049 398 2086 vita
430 2048 576 2087 dolori.
609 2069 666 2074 ——
700 2045 754 2086 lb.
787 2044 869 2087 181
906 2048 948 2086 in
987 2050 1079 2085 ante
1120 2050 1277 2096 tempus
1315 2043 1469 2097 addidi3

80 2107 129 2147 cf.
161 2119 296 2160 progr.
329 2105 453 2147 Laub.
487 2119 524 2159 p.
555 2105 622 2148 13.
657 2129 713 2134 -
747 2105 802 2146 lb.
831 2105 857 2158 ξ
885 2104 912 2146 6
950 2118 1025 2159 pro
1059 2108 1317 2157 paucitatem
1357 2099 1468 2160 (opp.

79 2180 252 2209 carmen
299 2162 530 2222 prolixius)
573 2167 743 2207 fortasse
787 2169 1041 2219 parcitatem
1090 2164 1351 2206 scribendum
1390 2169 1469 2219 est3

82 2228 132 2268 cs.
160 2227 296 2269 Claud.
317 2227 433 2268 Mam.
459 2240 498 2281 p.
529 2225 628 2282 188,
651 2226 704 2269 17
740 2230 782 2268 in
811 2233 893 2268 tam
922 2229 1169 2279 praepedito
1201 2228 1364 2276 neqotio

80 2292 215 2340 maqis
247 2292 357 2330 mira
396 2294 457 2330 est
489 2290 682 2339 parcitas
720 2300 843 2339 quam
876 2290 1115 2340 prolixitas.
1150 2310 1206 2315 —
1239 2285 1385 2340 XXIII,
1412 2284 1468 2327 87

80 2350 162 2390 iam
206 2349 307 2390 mihi
347 2350 534 2402 persuasi
571 2348 693 2388 verba
737 2352 907 2389 multam
944 2350 1123 2398 finqitur
1165 2350 1295 2388 otiosa
1338 2350 1469 2387 virtus

79 2416 190 2450 recte
224 2423 267 2450 se
299 2409 461 2463 hahere,
494 2411 691 2460 rinqitur,
725 2409 832 2462 quod
865 2410 907 2448 in
939 2408 1062 2448 Vatic.
1090 2406 1207 2450 3421
1242 2413 1316 2462 est,
1348 2420 1467 2460 repu-
