1592 2612
214 139 446 178 SIDONIUS
470 139 670 195 DOMINO
695 139 859 176 PAPAE
884 103 1354 177 BASILIOOSALUTEM.
1407 139 1494 182 149

101 247 219 297 putat
250 242 331 283 sibi
348 234 618 284 tractatuum'
634 242 981 296 consiliorumque
1009 254 1245 283 successum
1270 240 1398 282 tribui
1423 254 1498 294 pro

103 303 303 358 religione
340 303 541 358 legitima,
586 316 708 357 quem
745 305 882 357 potius
922 304 1155 356 assequitur
1191 315 1266 356 pro
1306 301 1499 342 felicitate

103 370 280 406 terrena.
333 363 372 406 7.
403 369 573 418 propter
604 364 711 417 quod
746 364 891 405 discite
919 365 998 405 cito
1026 363 1213 404 catholici
1240 367 1368 403 status
1394 362 1499 403 vale-

105 425 290 467 tudinem
328 425 546 480 occultam,
590 430 636 466 ut
654 430 854 478 ,apertam
899 425 1102 465 festinetis
1141 423 1334 464 adhibere
1371 424 1499 464 medi-

106 487 253 527 cinam.
315 485 545 540 Burdigala,
582 485 824 541 Petrogorii,
856 485 1017 539 Ruteni,
1054 484 1302 539 Lemovices,
1341 483 1499 525 Gabali·
1538 496 1556 524 5

106 548 205 601 tani,
237 545 446 601 Helusani,
471 546 649 601 Vasates,
682 546 906 601 Convenae,
932 546 1162 587 Auscenses
1187 545 1396 598 multoque
1421 546 1502 585 iam

105 609 237 661 maior
278 619 476 656 numerus
522 609 730 648 civitatum
776 608 946 648 summis
995 605 1274 647 sacerdotibus
1318 608 1502 659 ipsorum

107 673 238 709 morte
279 673 493 709 truncatus
532 681 609 708 nec
646 667 741 709 ullis
783 668 975 721 deinceps
1015 669 1217 721 episcopis
1255 668 1298 707 in
1335 666 1502 707 defunc-

107 734 244 770 torum
277 729 409 770 officia
442 729 636 783 suffectis,
668 742 742 782 per
774 742 876 782 quos
909 730 1049 781 utique
1082 729 1286 768 minorum
1313 727 1502 768 ordinum

107 791 335 830 ministeria
368 788 710 844 subrogabantur,
751 789 876 830 latum
918 789 1117 842 spiritalis,
1149 790 1291 829 ruinae
1330 788 1506 828 limitem.
1521 800 1557 826 ιο

104 852 241 891 traxit.
295 863 416 906 quam
448 850 532 891 fere
565 854 723 891 constat
749 851 807 891 sic
833 863 907 904 per
933 849 1114 903 singulos
1141 849 1227 890 dies
1253 850 1501 898 morientum

107 917 271 964 patrum
308 911 508 964 proficere
547 911 725 965 defectu,
755 915 815 954 ,ut
846 923 928 951 non
961 910 1092 951 solum
1126 909 1329 963 quoslibet
1360 909 1501 950 haere-

110 973 215 1012 ticos
246 977 508 1025 praesentum
540 984 680 1012 verum
713 973 835 1012 etiam
861 970 1165 1012 haeresiarchas
1190 972 1374 1024 priorum
1400 974 1501 1010 tem-

109 1044 258 1086 porum
289 1033 469 1085 potuerit
500 1032 728 1073 inflectere:
768 1034 822 1072 ita
855 1028 1027 1086 populos
1060 1044 1231 1072 excessu
1262 1031 1502 1084 pontificum

110 1092 273 1133 orbatos
305 1094 444 1133 tristis
468 1094 686 1133 intercisae
718 1093 814 1133 fidei
840 1093 1068 1146 desperatio
1101 1093 1260 1145 premit.
1319 1090 1358 1133 8.
1390 1091 1508 1132 nulla·
1523 1102 1558 1129 15

113 1155 156 1194 in
201 1153 395 1194 desolatis
446 1160 543 1194 cura
578 1153 851 1196 *dioecesibus
902 1153 1199 1207 parochiisque.
1273 1152 1411 1196 videas
1459 1153 1503 1192 in

110 1213 296 1255 ecclesiis
329 1219 397 1255 aut
428 1211 570 1267 putres
603 1214 825 1255 culminum
863 1213 1001 1267 lapsus
1034 1218 1103 1254 aut
1133 1213 1338 1254 valvarum
1372 1213 1502 1253 cardi-

108 1274 230 1319 nibus
263 1274 413 1315 avulsis
445 1274 705 1316 basilicarum
742 1275 875 1315 aditus
914 1274 1170 1328 hispidorum
1201 1276 1387 1327 veprium
1418 1274 1503 1313 fru—

100 1335 257 1376 ticibus
290 1334 534 1376 obstructos.
598 1337 705 1390 ipsa,
742 1349 817 1389 pro
855 1332 990 1389 dolor,
1031 1335 1168 1376 videas
1207 1340 1390 1375 armenta
1420 1346 1503 1374 non

107 1396 227 1436 modo
262 1396 598 1449 semipatentibus
635 1398 770 1436 iacere
809 1395 1021 1436 vestibulis
1060 1392 1291 1436 sed'etiam
1328 1394 1503 1435 herbosa
1520 1402 1582 1436 20·

108 1456 373 1497 viridantium
418 1456 606 1497 altarium
649 1456 776 1497 latera
820 1456 995 1509 depasci.
1072 1456 1143 1496 sed
1187 1457 1267 1496 iam
1310 1469 1386 1496 nec
1430 1468 1504 1509 per

110 1518 289 1558 rusticas
323 1516 454 1558 solum
487 1517 661 1557 solitudo
688 1517 918 1571 parochias,
950 1518 1037 1570 ipsa
1063 1518 1232 1569 insuper
1257 1516 1505 1557 urbanarum

111 1576 381 1618 ecclesiarum
422 1576 701 1617 conventicula
739 1582 963 1617 rarescunt.
1027 1575 1066 1617 9.
1101 1577 1197 1629 quid
1230 1578 1338 1617 enim
1376 1576 1504 1616 fideli-

111 1638 189 1679 bus
223 1637 363 1678 solacii
391 1642 591 1692 superest,
623 1637 783 1691 quando
811 1637 1009 1678 clericalis
1035 1650 1118 1677 non
1143 1637 1263 1677 modo
1291 1636 1505 1690 disciplina

111 1711 254 1739 verum
286 1700 408 1739 etiam
440 1699 636 1739 memoria
667 1696 803 1751 perit?
840 1698 1028 1751 equidem
1062 1710 1154 1738 cum
1186 1697 1360 1738 clericus
1394 1699 1502 1750 quis·
1524 1707 1560 1735 25

113 1772 192 1813 que
226 1759 479 1813 defungitur,
519 1760 553 1799 si
585 1758 869 1799 benedictione
903 1758 1094 1798 succidua
1128 1769 1209 1799 non
1242 1759 1413 1811 accipiat
1445 1757 1504 1797 di-

113 1821 278 1874 gnitatis
310 1819 516 1874 heredem,
547 1821 591 1859 in
616 1819 684 1859 illa
711 1819 882 1860 ecclesia
909 1819 1180 1859 sacerdotium
1207 1819 1392 1872 moritur,
1423 1830 1505 1858 non

114 1880 316 1921 sacerdos.
369 1885 488 1933 atque
521 1882 575 1920 ita
609 1880 705 1932 quid
734 1881 821 1933 spei
847 1885 1002 1920 restare
1029 1881 1282 1932 pronunties,
1313 1878 1386 1918 ubi
1410 1879 1507 1918 facit

110 1943 313 1982 terminus
345 1941 523 1981 hominis
556 1942 678 1981 finem
710 1938 950 1993 religionis?
983 1939 1102 1980 altius
1128 1941 1317 1992 inspicite
1345 1940 1506 1992 spirita-

111 2001 212 2042 lium
244 2002 389 2042 damna
415 2001 725 2041 membrorum?
742 2001 925 2054 profecto
952 2000 1210 2054 intellegetis,
1243 2001 1383 2052 quanti
1410 1998 1502 2040 sub·
1523 2010 1560 2036 30

110 2064 218 2116 repti
251 2067 346 2103 sunt
378 2063 573 2116 episcopi,
606 2066 812 2102 tantorum
838 2060 952 2101 vobis
978 2060 1221 2114 populorum
1249 2060 1369 2100 {idem
1395 2061 1503 2112 peri-

212 2194 234 2226 5
260 2190 474 2236 burdegala
500 2190 551 2226 M
555 2189 597 2225 F
618 2194 653 2227 et
679 2192 788 2235 (corr.
815 2190 858 2226 in
883 2188 1087 2235 burdegali
1115 2188 1220 2235 0²)O'
1235 2189 1247 2234 ΙΙ
1267 2191 1288 2223 8
1314 2187 1505 2224 truncatis

115 2238 174 2284 0ss
202 2243 246 2274 16
273 2238 545 2285 parochiisque
564 2239 705 2286 ιυτιιῑ90,
737 2238 952 2285 parrochiis
988 2239 1068 2283 (alt.
1095 2250 1114 2272 1·
1145 2249 1236 2274 eras.
1265 2236 1505 2282 M2)M0F‚·

114 2288 210 2324 delet
234 2287 312 2324 Leo
331 2289 343 2334 n
371 2291 415 2322 19
443 2287 661 2323 obstructos
688 2298 782 2323 corr.
808 2299 854 2324 ex
881 2287 1099 2322 abstructos
1126 2286 1200 2331 M1,
1229 2284 1447 2322 abstructos
1478 2285 1510 2322 Ο

114 2336 124 2382 Η
151 2339 197 2371 22
224 2335 448 2382 parrochias
473 2336 555 2378 (alt.
575 2347 595 2370 r
620 2347 711 2372 eras.
732 2335 957 2380 M²)MOF
973 2337 985 2379 ΙΙ
1006 2338 1052 2369 30
1079 2336 1224 2379 quanto
1255 2334 1307 2379 01
1332 2333 1505 2379 subrepti

116 2386 206 2419 sunt
225 2384 481 2430 Luetjohamz,
508 2384 578 2419 sub
599 2384 672 2419 r&e
693 2383 826 2431 fimitis
849 2383 886 2430 O,
914 2383 984 2419 sub
1006 2396 1027 2418 κε
1041 2393 1100 2419 *ss
1114 2395 1137 2419 *
1157 2384 1339 2429 pmuntur
1353 2387 1506 2429 praeter

116 2431 187 2468 sub
214 2437 248 2469 et
272 2437 338 2478 pm
363 2434 406 2469 in
430 2444 504 2469 ras.
527 2432 603 2478 ΜΞ,
629 2433 885 2478 surripiuntur
908 2432 948 2467 F
974 2433 985 2478 Η
1018 2434 1060 2466 31
1089 2443 1206 2479 supra
1231 2432 1296 2468 alt.
1317 2430 1331 2466 i
1356 2433 1399 2467 in
1425 2429 1502 2476 epi-
