1592 2612
373 131 602 170 SIDONIUS
628 131 756 170 LUPO
783 131 878 169 SUO
906 130 1149 168 SALUTEM.
1367 130 1453 174 191

207 244 256 277 45
289 247 367 289 qua
400 234 663 288 serpylliferis
696 233 777 275 olet
808 235 952 274 catinis

288 295 409 337 bacas
441 307 515 348 per
547 297 728 348 geminas
760 294 886 335 ruber
917 293 1091 334 botellus

287 356 459 397 olla-rum
491 360 560 396 aut
590 355 761 396 nebulae
793 367 941 408 vapore
974 356 1112 394 iuncto

288 417 444 458 fumant
476 429 568 457 cum
601 415 894 469 crepitantibus
927 414 1098 468 patellis.

285 477 352 518 hic
385 489 478 518 cum
509 477 611 517 festa
644 477 731 517 dies
764 478 873 517 ciere
906 488 1021 516 ravos

208 546 254 580 50
287 542 429 579 cantus
462 539 644 591 coeperit
676 542 716 578 et
747 537 1027 590 voluptuosam

286 611 519 639 scurrarum
553 599 853 651 querimoniam·
879 609 1064 650 crepare,

285 663 402 713 tunc,
433 664 530 699 tunc
563 660 742 699 carmina
774 658 958 711 digniora
990 656 1105 696 vobis

284 721 416 760 vinosi
447 719 621 772 hospitis
653 720 809 760 excitus
841 718 1015 758 Camena

285 779 377 834 plus
403 779 484 820 illis
517 792 592 832 ego
623 779 821 820 barbarus
853 790 1074 819 susurrem.

156 874 198 917 4.
231 875 264 917 Ο
296 878 521 917 necessitas
554 876 710 916 abiecta
741 875 947 929 nascendi,
972 874 1133 915 vivendi
1164 876 1327 928 misera,
1353 874 1454 915 dura

65 935 286 978 moriendi!
332 949 426 978 ecce
453 949 532 990 quo
559 949 698 977 rerum
723 935 986 977 volubilitatis
1007 936 1204 976 humanae
1225 940 1313 976 rota
1340 935 1452 976 duci-

66 1003 145 1038 tur.
199 999 341 1052 amavi,
367 997 508 1051 fateor,
534 998 633 1038 satis
659 997 878 1050 hominem,
903 996 1000 1037 licet
1032 996 1285 1051 quibusdam,
1316 1000 1453 1036 tamen

68 1057 357 1113 veniabilibus,
396 1059 542 1098 erratis
583 1057 863 1110 implicaretur
893 1062 1013 1110 atque
1045 1056 1264 1098 virtutibus
1297 1058 1455 1097 minora

67 1120 269 1160 misceret.
332 1131 508 1171 namque
547 1117 691 1158 crebro
731 1117 888 1158 levibus
928 1130 976 1158 ex
1009 1119 1161 1171 causis,
1194 1117 1266 1157 sed
1297 1117 1453 1171 leviter,
1490 1127 1507 1154 5

67 1179 330 1233 excitabatur,
356 1179 463 1232 quod
490 1178 712 1219 nilominus
738 1191 811 1231 ego
845 1178 1056 1218 studebam
1089 1179 1312 1218 sententiae
1345 1182 1451 1218 cete-

67 1252 207 1280 rorum
244 1244 430 1280 naturam
462 1241 597 1293 potius
629 1239 875 1292 persuadere
910 1251 1030 1291 quam
1067 1240 1228 1292 vitium3
1270 1238 1453 1279 adstrue-

67 1300 240 1353 bamque
273 1299 452 1354 meliora,
485 1301 674 1353 quatinus
706 1301 749 1340 in
780 1304 944 1352 pectore
978 1300 1056 1339 viri
1087 1299 1296 1339 iracundia
1326 1303 1452 1339 mate-

69 1359 226 1401 rialiter
275 1373 468 1414 regnans,
512 1362 606 1413 quia
649 1372 774 1400 nae-vo
820 1359 1070 1400 crudelitatis
1115 1360 1247 1400 fuerat
1290 1359 1451 1412 infecta,

65 1425 279 1474 praetextu
318 1420 451 1461 saltim
491 1422 718 1461 severitatis
757 1420 1061 1460 emacularetur.
1123 1425 1334 1473 praeterea
1375 1421 1453 1460 etsi
1473 1431 1508 1457 10

36 1483 40 1487 ’
68 1480 240 1522 consilio
273 1480 439 1534 fragilis,
471 1481 548 1520 fide
581 1481 839 1520 firmissimus
871 1485 976 1534 erat3
1009 1482 1326 1534 incautissimus,
1359 1482 1452 1533 quia

69 1540 278 1595 credulus3
324 1542 628 1594 securissimus,
662 1542 755 1593 quia
787 1553 869 1580 non
906 1553 1069 1581 nocens.
1132 1540 1268 1581 nullus
1306 1540 1366 1581 illi
1397 1542 1453 1580 ita

69 1603 274 1655 inimicus,
300 1603 370 1654 qui
396 1606 534 1654 posset
560 1602 648 1641 eius
675 1606 916 1653 extorquere
943 1600 1219 1655 maledictum3
1253 1605 1293 1641 et
1317 1605 1453 1641 tamen

69 1662 206 1703 nullus
233 1663 292 1702 sic
318 1663 484 1715 amicus,
511 1663 582 1714 qui
605 1666 744 1714 posset
777 1661 953 1713 effugere
981 1662 1218 1701 convicium.
1276 1660 1453 1701 difficilis

73 1723 196 1777 aditu,
228 1734 318 1763 cum
352 1721 481 1762 facilis
514 1723 712 1775 inspectu,
738 1726 778 1762 et
802 1721 1024 1774 portandus
1052 1721 1227 1775 quidem,
1260 1721 1330 1762 sed
1356 1733 1450 1774 por·
1472 1732 1508 1758 15

69 1782 215 1823 tabilis.
279 1780 318 1824 5.
364 1782 413 1822 de
446 1781 622 1836 reliquo,
667 1783 702 1822 si
740 1784 942 1822 orationes
975 1781 1084 1822 illius
1116 1783 1316 1835 metiaris,
1361 1794 1454 1822 acer

70 1843 287 1897 rotundus,
325 1844 573 1895 compositus
606 1855 818 1897 excussus,
863 1844 899 1882 si
936 1847 1138 1896 poemata,
1170 1847 1286 1883 tener
1317 1841 1453 1882 multi-

70 1909 212 1957 meter,
237 1908 404 1955 argutus
425 1903 568 1943 artifex
589 1906 684 1943 erat.
730 1902 902 1943 faciebat
922 1902 1123 1955 siquidem
1143 1915 1285 1943 versus
1306 1902 1452 1955 oppido

71 1969 233 2004 exactos
264 1968 346 2004 tam
378 1963 526 2016 pedum
558 1964 660 2003 mira
692 1976 811 2016 quam
843 1963 1064 2015 figurarum
1102 1965 1311 2003 varietate:
1355 1962 1452 2002 hen-

71 2023 343 2077 decasyllabos
376 2023 554 2063 lubricos
587 2028 627 2063 et
658 2024 829 2077 enodes,
867 2023 1122 2063 hexametros
1162 2027 1373 2076 crepantes
1413 2027 1453 2062 et
1473 2033 1508 2058 20

72 2089 323 2138 coturnat083
362 2083 497 2136 elegos
541 2096 636 2123 vero
675 2097 783 2124 nunc
825 2083 1010 2124 echoicos
1049 2096 1157 2124 nunc
1195 2087 1453 2123 recurrentes

70 2156 178 2185 nunc
210 2157 283 2197 per
314 2143 566 2196 anadiplosin
598 2145 677 2184 fine
709 2145 1002 2198 principiisque
1035 2156 1221 2185 conexos.
1285 2141 1324 2184 6.
1363 2143 1454 2198 huc,

168 2283 203 2308 v.
224 2275 270 2308 45
298 2271 437 2308 catinis
457 2282 534 2319 eqo,
559 2270 707 2308 catenis
728 2273 798 2316 (vel
817 2271 1005 2316 cathenis)
1025 2272 1143 2316 codd„
1169 2270 1312 2307 catillis
1333 2270 1452 2308 Wila-

72 2321 215 2357 mowitz
250 2321 264 2368 ΙΙ
300 2333 335 2358 v.
356 2323 402 2355 48
429 2319 780 2366 concrepitantibus
813 2322 928 2357 codex
953 2321 1174 2366 Helmstml„
1203 2320 1290 2364 fort.
1322 2324 1417 2357 recte
1440 2320 1454 2368 Η

72 2372 95 2404 4
122 2367 380 2404 veniabilibus
407 2368 501 2412 LN,
527 2368 740 2405 venialibus
764 2369 815 2405 M
821 2368 892 2406 OT
906 2371 918 2416 11
939 2374 959 2404 6
985 2367 1192 2404 nilominus
1220 2368 1267 2412 L,
1292 2367 1452 2404 nichilo-

71 2415 199 2452 minus
223 2416 301 2463 (chi
325 2428 352 2454 s.
381 2417 403 2453 l.
431 2417 519 2453 add.
540 2416 822 2464 N¹)NMTOu
850 2421 893 2453 15
921 2416 1030 2452 aditu
1056 2427 1123 2454 om.
1153 2417 1184 2454 Ο
1206 2418 1219 2464 ΙΙ
1244 2420 1289 2452 22
1315 2416 1390 2452 hue
1416 2417 1452 2452 L
