1592 2612
156 132 389 171 SIDONIUS
412 131 612 171 DOMINO
637 131 801 170 PAPAE
828 131 1024 170 GRAECO
1052 131 1296 169 SALUTEM.
1364 131 1451 174 143

60 237 159 278 dum
184 241 323 277 tamen
347 234 556 276 nubilibus
583 236 700 275 annis
726 233 1086 288 appropinquabat.
1127 234 1223 275 huic
1247 234 1315 274 hic
1339 233 1452 275 blan-

61 297 138 338 dus
183 292 408 353 (siquidem
452 308 499 336 ea
543 301 654 336 aetas
698 295 937 350 infantulae,
981 300 1027 336 ut
1065 295 1196 336 adhuc
1238 290 1451 352 decenter)

59 370 170 399 nunc
203 356 401 411 quaedam
433 355 587 411 frivola,
618 369 727 397 nunc
758 356 854 396 ludo
887 360 979 410 apta
1009 357 1192 409 virgineo
1220 361 1356 396 scruta
1382 356 1453 396 do-

58 418 199 473 nabat3
237 417 386 471 quihus
417 419 487 458 isti
518 430 664 470 parum
696 417 918 470 grandibus
951 418 1086 458 causis
1118 416 1341 470 plurimum
1372 418 1452 457 vir-

60 478 259 533 gunculae
285 480 444 519 animus
472 477 746 531 copulabatur.
787 477 826 519 7.
847 479 943 518 anni
963 477 1096 518 obiter
1120 477 1295 518 thalamo
1315 490 1452 531 pares:
1492 488 1509 515 5

60 540 159 594 quid
191 552 329 580 morer
359 536 528 579 multis?
591 538 850 593 adulescens,
883 538 994 579 solus
1025 540 1179 593 tenuis,
1210 540 1454 591 peregrinus

59 600 344 642 filiusfamilias
389 604 430 640 et
473 612 495 639 e
539 601 669 652 patria
713 605 828 652 patre
873 612 955 639 non
999 599 1131 639 solum
1174 611 1256 639 non
1293 598 1453 640 volente

58 674 201 703 verum
229 665 270 701 et
294 662 507 714 ignorante
534 659 761 715 discedens,
786 660 963 713 puellam
983 673 1065 700 non
1085 660 1323 700 inferiorem
1342 664 1454 700 nata-

59 722 182 776 libus,
213 721 472 762 facultatibus
499 723 767 775 superiorem,
798 721 932 761 medio
960 722 1165 775 episcopo,
1192 722 1286 773 quia
1311 720 1453 775 lector,

61 783 211 824 solacio
239 783 413 836 comitis,
446 783 540 834 quia
566 781 707 836 cliens,
739 794 860 822 socru
886 794 968 821 non
994 783 1238 834 inspiciente
1267 781 1453 822 substan·
1474 792 1509 818 10

61 845 173 898 tiam,
205 855 353 896 sponsa
384 855 467 882 non
499 842 750 895 despiciente
782 855 1011 896 personam,
1043 855 1213 883 uxorem
1243 844 1347 895 petit
1378 844 1453 882 im-

59 909 195 958 petrat
226 904 349 944 ducit.
414 902 730 943 conscribuntur
766 902 927 943 tabulae
960 902 1181 957 nuptiales3
1221 907 1261 943 et
1300 904 1335 943 si
1374 915 1454 956 qua

59 969 124 1005 est
160 966 254 1005 istic
285 963 541 1016 municipioli
579 965 710 1004 nostri
742 963 1048 1018 suburbanitas,
1085 963 1453 1004 matrimonialibus

57 1025 142 1066 illic
173 1027 326 1065 inserta
358 1024 614 1065 documentis
641 1026 803 1065 mimica
828 1024 1013 1077 largitate
1040 1026 1247 1065 recitatur.
1294 1024 1333 1066 8.
1360 1036 1453 1078 per-

59 1089 148 1127 a‘cta
192 1086 570 1138 circumscriptione
615 1085 795 1138 legitima
839 1090 878 1125 et
930 1085 1071 1125 fraude
1118 1085 1305 1125 sollemni
1348 1085 1454 1126 levat
1474 1094 1509 1121 15

59 1147 227 1187 divitem
265 1147 478 1199 coniugem
517 1159 671 1199 pauper
703 1146 911 1186 adamatus
944 1150 984 1186 et
1017 1145 1235 1199 diligenter
1267 1158 1370 1199 quae
1403 1146 1453 1186 ad

60 1219 247 1248 socerum
293 1209 576 1260 pertinuerant
619 1208 776 1247 rimatis
822 1208 1151 1261 convasatisque,
1202 1219 1283 1247 non
1328 1219 1452 1260 parvo

59 1269 182 1309 etiam
220 1267 432 1308 corollario
472 1267 705 1307 facilitatem
744 1266 1108 1320 credulitatemque
1148 1268 1453 1308 munificentiae

62 1328 260 1369 socrualis
304 1340 527 1381 emungens
572 1329 756 1381 receptui
800 1329 844 1368 in
881 1329 1054 1381 patriam
1094 1330 1243 1368 cecinit
1280 1330 1452 1381 praesti-

61 1391 191 1442 giator
227 1391 414 1429 invictus.
484 1401 563 1441 quo
603 1389 784 1442 profecto
822 1394 953 1429 mater
990 1388 1148 1442 puellae
1187 1401 1261 1442 pro
1306 1389 1453 1442 hyper·
1473 1399 1508 1426 ρο

59 1449 205 1490 bolicis
249 1451 532 1490 instrumentis
578 1450 711 1502 coepit
755 1451 956 1489 actionem
995 1449 1313 1502 repetundarum
1350 1449 1452 1489 velle

61 1522 290 1563 proponere
333 1514 373 1550 et
410 1514 507 1550 tunc
547 1510 710 1549 demum
755 1509 804 1549 de
842 1511 1140 1562 mancipiorum
1185 1510 1452 1562 sponsaliciae

62 1571 293 1611 donationis
336 1572 539 1623 paucitate
583 1582 786 1623 maerere,
835 1570 995 1622 quando
1039 1571 1120 1609 iam
1166 1570 1215 1610 de
1259 1575 1454 1623 nepotum

62 1633 355 1672 numerositate
390 1630 598 1683 gaudebat.
651 1630 700 1670 ad
732 1630 834 1670 hanc
866 1630 1103 1683 placandam
1135 1635 1276 1671 noster
1300 1631 1452 1684 Hippo-

62 1692 168 1746 lytus
199 1696 453 1745 perrexerat,
486 1704 578 1731 cum
610 1690 767 1731 litteras
798 1703 909 1731 meas
941 1692 1057 1743 prius
1090 1690 1247 1731 obtulit.
1312 1690 1350 1732 9.
1383 1692 1452 1731 ha-
1474 1702 1509 1730 25

62 1753 168 1793 betis
201 1752 413 1792 historiam
439 1753 597 1792 iuvenis
623 1753 775 1805 eximii,
807 1751 982 1791 fabulam
1009 1751 1182 1791 Miletiae
1209 1751 1272 1791 vel
1298 1752 1453 1792 Atticae

62 1825 214 1867 parem.
278 1812 399 1853 simul
438 1817 479 1852 et
522 1814 720 1865 ignoscite
765 1817 929 1865 praeter
973 1824 1147 1865 aequum
1192 1811 1455 1865 epistularem

63 1873 277 1914 formulam
309 1874 548 1927 porrigenti,
581 1885 701 1925 quam
734 1872 784 1912 ob
815 1873 892 1912 hoc
926 1872 1018 1913 stilo
1050 1877 1234 1912 morante
1267 1872 1454 1928 produxi,

62 1939 110 1975 ut
146 1947 228 1974 non
265 1939 470 1986 tamquam
504 1935 687 1987 ignotum
719 1934 976 1988 reciperetis,
1015 1946 1135 1986 quem
1169 1934 1299 1974 civem
1330 1933 1454 1974 bene-

63 1996 168 2035 ficiis
206 1994 453 2035 reddidistis.
517 1995 670 2047 pariter
709 1998 749 2034 et
786 1999 929 2034 natura
969 1998 1244 2047 comparatum
1277 1999 1358 2048 est,
1396 1998 1453 2048 ut,
1473 2005 1509 2032 30

66 2055 214 2108 quibus
258 2055 530 2108 impendimus
576 2054 773 2109 studium,
817 2059 1071 2107 praestemus
1113 2055 1313 2094 affectum.
1383 2066 1453 2095 vos

64 2128 160 2156 vero
198 2115 462 2156 Eustachium
498 2115 731 2168 pontificem
775 2120 872 2155 tunc
918 2128 966 2155 ex
1008 2127 1098 2155 asse
1138 2115 1259 2167 digno
1303 2115 1453 2155 herede

65 2176 291 2217 decessisse
324 2175 621 2230 monstrabitis,
660 2177 713 2230 si,
750 2181 796 2216 ut
826 2177 1067 2229 propinquis
1106 2177 1355 2229 testamenti,
1395 2177 1455 2216 sic

166 2333 184 2364 1
213 2328 324 2364 annis
350 2340 418 2365 om.
443 2328 474 2365 G
489 2331 500 2372 ΙΙ
521 2332 542 2363 6
568 2339 695 2365 moror
717 2329 755 2364 F
784 2331 796 2375 ΙΙ
828 2332 849 2364 8
878 2329 933 2375 et]
962 2328 1079 2364 etiam
1103 2327 1134 2364 C'
1149 2330 1160 2374 ΙΙ
1184 2331 1226 2363 13
1254 2329 1313 2363 est
1338 2339 1406 2365 om.
1428 2327 1460 2365 0

67 2376 78 2423 ΙΙ
106 2381 149 2413 17
178 2388 328 2412 socrum
355 2378 387 2413 0
402 2380 413 2423 ΙΙ
436 2381 479 2412 19
507 2376 666 2412 soci-alis
693 2378 742 2413 M
747 2378 784 2412 P
799 2379 810 2423 ΙΙ
830 2382 876 2414 26
902 2377 1058 2412 fabulae
1084 2378 1193 2413 malit
1215 2377 1456 2423 Luetjohann

70 2425 75 2473 Ι
103 2424 243 2461 militie
270 2425 321 2471 F,
347 2425 517 2461 miliciae
544 2425 595 2461 M
600 2425 672 2461 GP
686 2428 699 2471 [Ι
