1592 2612
608 136 909 173 PRAEFATIO.
1338 136 1459 172 XLIII

11 245 15 247 ’
65 240 244 295 videtur,
287 239 449 281 tolleret
486 235 579 295 (sed
612 240 661 279 cf.
695 252 727 279 c.
761 239 883 293 XVII,
922 237 948 279 2
992 242 1067 280 lux
1105 239 1276 280 Sextilis
1318 241 1461 279 adusti

60 303 206 354 prima
230 300 474 353 spiciferum
501 300 700 352 proferat
723 302 825 341 orbe
856 303 1015 353 caput),
1042 301 1261 352 genuinam
1287 298 1457 339 colloca-

64 363 221 403 tionem
251 361 471 402 verborum
503 373 575 401 sua
608 365 751 414 sponte
784 362 1069 402 immutaverit.
1098 383 1155 388 ——
1181 360 1237 400 Ib.
1259 358 1317 400 96
1344 373 1391 400 ex
1419 359 1458 399 Μ

65 428 189 465 sonat
224 423 389 476 scripsi3
432 434 525 462 nam
565 424 662 463 dum
700 421 806 475 apud
846 422 1058 462 Sidonium
1090 421 1201 461 nullo
1234 420 1322 461 loco
1356 416 1459 476 (nisi

65 483 137 525 ubi
181 483 290 524 idem
334 483 442 536 quod
488 485 704 524 dummodo
749 479 874 537 valet)
914 495 1007 523 cum
1045 483 1303 523 coniunctim
1341 494 1459 535 prae—

66 545 194 585 sentis
226 545 504 597 coniungitur3
542 543 591 584 cf.
626 556 688 597 ep.
721 542 757 597 Ι,
790 542 838 598 9,
866 542 891 584 7
927 546 1092 584 interim
1125 545 1222 584 dum
1265 545 1384 584 venio
1411 575 1421 582 .
1449 574 1457 582 .

65 607 369 647 sermocinetur
378 619 394 653 ;
424 604 486 659 IV,
515 602 583 658 18,
610 603 638 645 5
671 618 704 644 v.
735 602 790 645 19
826 607 1004 655 dumque
1036 606 1148 645 venit
1184 605 1383 644 Christus.
1402 625 1455 632 —

64 665 122 706 Ib.
150 663 239 708 180
263 670 484 719 praeeunte
516 665 796 719 Luetjohanno
824 678 873 705 ex
899 664 939 704 M
963 668 1130 705 sustulit
1156 665 1319 718 scripsi3
1353 663 1457 704 indi-

70 728 224 767 cativus
256 728 366 767 enim
397 727 638 780 praesentis,
670 727 752 766 nisi
784 738 878 767 cum
910 727 953 766 in
986 728 1083 766 dum
1115 730 1268 779 mutes,
1301 724 1459 764 admitti

65 799 188 841 posse
219 799 302 828 non
334 787 504 827 videtur.
539 810 596 815 ——
629 787 684 827 Ih.
718 784 806 828 353
840 788 884 826 in
914 786 1087 827 lectione
1120 785 1279 838 vulgata
1306 788 1460 837 paucis

63 861 209 900 pauca
241 854 430 889 retexam
463 849 617 899 (larqis
644 861 687 899 p.
719 861 754 888 r.
786 842 903 903 Leo),
935 859 1180 900 quamquam
1211 845 1331 899 paulo
1365 851 1457 886 ante

67 908 222 949 dictum
253 914 315 949 est
346 911 493 959 lonqas
524 911 725 959 suceinqe
755 911 960 962 querelas,
987 909 1023 948 si
1049 921 1083 948 V.
1114 906 1199 948 106
1228 911 1458 960 spectamus

67 971 235 1022 (paucis
260 982 315 1010 ex
340 971 489 1010 ordine
510 969 670 1020 fabor),
690 970 949 1022 acquiescere
969 981 1199 1022 possumus.
1224 991 1277 997 —
1299 967 1356 1007 Π).
1369 966 1457 1009 378

67 1033 136 1072 illo
168 1042 218 1070 ex
245 1029 394 1070 TCPF
421 1031 580 1083 scripsi.
605 1053 656 1058 —-
680 1029 736 1070 lb.
756 1027 847 1071 418
873 1042 948 1083 pro
975 1032 1209 1080 navalique,
1231 1028 1337 1082 quod
1366 1040 1459 1068 cum

67 1090 402 1131 antecedentibus
433 1090 569 1131 verbis
600 1095 769 1144 pugnat,
807 1093 953 1131 navali
982 1093 1056 1141 qui
1086 1091 1251 1143 scripsi,
1283 1094 1329 1130 ut
1360 1089 1459 1129 haec

67 1153 122 1192 sit
147 1153 366 1192 sententia:
407 1149 531 1192 ‘cadit
562 1152 695 1192 omnis
726 1153 770 1192 in
795 1163 949 1204 aequor
975 1151 1073 1191 silva
1099 1150 1188 1204 tibi,
1213 1156 1258 1191 tu
1285 1162 1460 1203 quoque,

70 1212 322 1266 Appennine,
341 1213 512 1252 nimium
533 1212 604 1253 diu
618 1245 627 1252 .
644 1214 860 1266 ..recisus,
881 1214 949 1265 qui
971 1211 1104 1252 navali
1131 1211 1277 1252 arbore
1298 1210 1422 1251 dives.
1445 1243 1453 1250 .

68 1270 227 1313 mittis?
278 1273 335 1314 Cf.
368 1273 418 1313 de
446 1275 646 1313 sententia
673 1286 706 1313 c.
732 1273 812 1327 VII,
838 1271 928 1314 325
961 1275 1115 1314 cecidit
1140 1275 1222 1313 cito
1254 1278 1370 1313 secta
1397 1273 1456 1311 ln·-

64 1336 195 1386 penni
211 1334 429 1386 Hercynia
456 1337 498 1375 in
525 1337 694 1382 lintres;
719 1334 768 1374 de
790 1335 1037 1374 nominativo
1064 1336 1224 1374 recisus
1248 1346 1280 1373 c.
1299 1331 1381 1386 ΠΙ,
1400 1330 1461 1372 44

70 1397 254 1445 iqnotum
279 1397 376 1446 plus
401 1400 533 1445 notus,
560 1396 663 1444 Nile,
685 1408 765 1446 per
791 1400 938 1444 ortum,
971 1393 1042 1435 ubi
1074 1393 1154 1434 Leo
1182 1394 1333 1434 frustra
1365 1398 1461 1434 note

64 1458 160 1506 plus
186 1454 311 1495 scribi
330 1455 432 1509 vult3
458 1460 669 1508 praeterea
696 1469 729 1495 c.
750 1455 830 1509 VII,
845 1454 900 1496 61
918 1468 1005 1509 sqq.
1025 1461 1092 1496 sat
1110 1467 1265 1506 maqna
1286 1455 1460 1495 videbar

71 1520 112 1556 et
140 1517 227 1565 tibi,
249 1518 346 1556 dum
366 1547 375 1556 .
397 1548 406 1556 .
427 1549 435 1556 .
457 1518 516 1556 ad
539 1521 698 1557 castum
724 1528 896 1566 remeas,
913 1518 1054 1568 pudor
1080 1521 1210 1565 erute,
1232 1518 1389 1555 vulnus.
1402 1537 1459 1541 —

70 1575 126 1616 Ib.
141 1573 231 1616 496
257 1575 379 1616 verba
396 1582 522 1628 ponte
542 1579 676 1627 liqant
701 1578 877 1629 graviter
903 1582 1095 1629 corrupta
1121 1576 1302 1616 nondum
1322 1580 1461 1615 sanata

71 1641 167 1677 sunt
193 1632 285 1692 (vix
309 1639 486 1687 requies,
514 1639 595 1677 iam
620 1637 717 1676 Stat.
742 1636 866 1677 Theb.
890 1637 951 1691 VI,
976 1632 1097 1692 801).
1121 1660 1178 1665 —-
1208 1636 1264 1676 Ib.
1284 1633 1375 1677 510
1392 1637 1461 1676 hic

68 1698 241 1737 restitui.
252 1696 373 1737 ——lb.
383 1695 472 1738 594
484 1700 674 1748 qeminas
681 1699 804 1749 Alpes
819 1698 1012 1738 suadente
1029 1697 1212 1737 Geislero
1230 1697 1392 1737 retinui.
1402 1719 1459 1723 ——-

68 1757 155 1812 VII,
182 1756 243 1799 20
279 1770 354 1811 pro
397 1758 640 1809 Teqeatieus
672 1759 826 1812 Arcas,
865 1758 972 1811 quod
1011 1760 1076 1798 vix
1115 1762 1250 1811 potest
1287 1756 1462 1809 defendi,

69 1818 343 1872 Bitschofskyi
382 1820 656 1860 coniecturam
701 1819 742 1859 Τ.
775 1822 861 1859 ales
898 1821 1047 1872 recepi.
1087 1842 1143 1846 --
1184 1818 1238 1858 lb.
1267 1815 1326 1859 35
1359 1818 1460 1858 Per-

69 1882 181 1920 seius
211 1879 319 1919 haud
351 1879 473 1920 dubie
505 1884 741 1933 corruptum
775 1885 855 1934 est,
889 1882 1036 1933 scripsi
1070 1886 1152 1920 tum
1187 1881 1389 1925 Perseus,·
1421 1882 1462 1917 et

70 1941 203 1993 potuit
235 1945 319 1980 tum
351 1946 444 1994 post
476 1947 618 1982 caestu
651 1940 766 1981 facile
800 1941 1057 1981 intercidere.
1121 1940 1178 1980 De
1211 1946 1295 1979 tum
1322 1939 1369 1978 cf.
1399 1950 1462 1990 ep.

71 1999 114 2053 V,
141 1998 212 2055 20,
237 1999 285 2054 43
324 2013 358 2041 c.
385 2001 428 2055 V,
455 1999 561 2055 2403
598 2006 810 2055 praeterea
843 2001 966 2042 huius
999 2002 1190 2042 carminis
1223 2013 1282 2039 vv,
1310 1997 1461 2039 236—

72 2059 174 2114 237,
211 2060 283 2101 ubi
321 2062 429 2102 inter
461 2067 596 2102 cetera
635 2062 827 2115 asyndeta
859 2062 1048 2102 similiter
1081 2064 1356 2111 Francusque
1387 2072 1461 2099 na-

72 2126 162 2162 tatu
207 2123 385 2174 positum
430 2129 504 2176 est,
549 2128 590 2163 et
635 2135 668 2163 c.
701 2122 773 2175 XI,
802 2121 869 2163 70.
898 2121 967 2164 86.
1014 2146 1071 2150 -—-
1116 2122 1171 2162 lb.
1207 2119 1262 2161 81
1306 2122 1463 2161 Persae

72 2183 221 2235 scripsi
266 2178 335 2238 (cf.
372 2184 527 2224 Persen
565 2183 768 2224 claudian.
810 2197 842 2223 c.
875 2183 983 2237 XXI,
1009 2183 1118 2237 372,
1163 2194 1284 2235 quem
1329 2180 1464 2221 locum

76 2241 268 2282 Sidonius
299 2242 366 2283 hic
399 2245 579 2284 imitatus
612 2240 706 2300 est).
771 2244 850 2284 Sed
890 2244 964 2284 hos
1003 2256 1146 2284 versus
1185 2241 1262 2283 alia
1301 2253 1462 2294 quoque

71 2314 201 2356 eaque
241 2305 423 2356 graviore
463 2304 692 2358 corruptela
732 2304 914 2345 laborare
954 2317 1034 2344 nou
1075 2310 1154 2344 tam
1194 2315 1353 2355 errore,
1393 2303 1462 2354 qui

74 2363 117 2402 in
143 2362 277 2403 Sullae
310 2366 474 2405 nomine
507 2367 625 2418 inest,
659 2378 778 2418 quem
812 2371 947 2405 tamen
975 2365 1187 2404 Sidonium
1220 2363 1298 2403 sibi
1331 2362 1462 2403 indul-

74 2424 176 2463 sisse
209 2436 291 2463 non
317 2430 380 2465 est
406 2425 656 2479 incredibile,
690 2431 756 2466 aut
783 2425 944 2466 licentia
971 2427 1139 2466 metrica
1167 2427 1208 2466 in
1235 2426 1463 2474 Asiaqenes
