1592 2612
0 0 279 76 Jffaeawffi
291 0 297 15 ί

349 144 578 183 SIDONIUS
603 145 808 184 ERIPHIO
835 145 930 185 SUO
957 146 1206 185 SALUTEM.
1383 147 1470 191 121

702 305 846 349 XVII.

348 388 581 426 SIDONrUS
604 388 810 425 ERIPHJO
838 389 932 426 SUO
959 389 1202 427 SALUTEM.

173 465 213 509 1.
243 466 318 521 Es,
346 466 492 520 Eriphi
521 478 660 522 meus,
692 467 780 520 ipse
814 468 884 520 qui
917 479 1079 520 semper
1103 480 1406 522 numquamque
1432 473 1472 509 te

80 533 238 570 tantum
273 529 435 569 venatio
477 528 619 568 civitas
657 539 753 580 ager
790 532 948 583 avocat,
992 533 1038 568 ut
1074 540 1158 569 non
1196 528 1328 570 obiter
1364 529 1472 570 litte-

79 601 219 630 rarum
255 587 459 642 voluptate
496 593 679 642 teneare3
717 588 843 641 fitque
876 601 925 629 eo
958 589 1092 629 studio
1099 621 1111 643 ,
1148 595 1194 630 ut
1224 602 1302 630 nec
1332 595 1473 631 nostra

79 649 280 704 fastidias,
318 650 390 703 qui
425 649 520 703 tibi,
557 654 604 689 ut
635 648 801 703 scribis,
838 649 974 690 Musas
1013 649 1181 690 olemus.
1245 663 1347 703 quae
1380 663 1472 691 sen·
1510 663 1528 690 5

78 712 206 752 tentia
235 715 372 751 tamen
402 709 513 763 large
544 709 741 763 probatur
771 722 867 750 vero
901 723 1062 765 carere3
1095 723 1297 764 quamque
1330 716 1371 752 et
1402 724 1471 764 ap-

78 776 197 825 paret
227 776 297 812 aut
327 783 377 811 ex
409 772 499 811 ioco
531 771 690 824 venire,
728 772 764 810 si
794 770 924 811 laetus
957 783 1020 825 es,
1058 776 1128 812 aut
1158 784 1208 812 ex
1240 784 1397 827 amore,
1436 774 1473 812 si

80 833 226 872 serius.
277 836 460 873 ceterum
492 843 514 871 a
546 832 655 871 iusto
681 830 800 884 longe
826 830 1010 886 resultat,
1042 844 1135 872 cum
1159 832 1262 873 mihi
1288 834 1472 886 assignas

80 905 183 945 quae
214 893 282 933 vix
311 891 469 932 Maroni
501 890 604 944 [vix]
638 896 708 932 aut
737 891 914 932 Homero
941 898 1220 945 competenter
1246 906 1471 934 accommo-

79 952 285 994 darentur.
329 951 370 994 2.
401 952 502 993 haec
533 952 812 1005 relinquamus
844 952 980 1007 idque,
1011 953 1119 993 unde
1153 966 1285 1008 causa,
1318 967 1470 1007 sermo-

80 1015 275 1054 cinemur.
327 1013 449 1066 dirigi
481 1013 529 1053 ad
562 1018 602 1053 te
634 1014 837 1066 praecipis
868 1026 1032 1068 versus,
1065 1026 1167 1067 quos
1198 1016 1277 1054 viri
1309 1014 1471 1068 amplis-

81 1075 187 1128 simi,
218 1075 352 1114 soceri
382 1075 457 1127 tui,
487 1073 679 1127 precibus
712 1073 885 1128 indulsi3
918 1076 989 1127 qui
1021 1074 1287 1115 contubernio
1320 1077 1472 1116 mixtus

80 1133 311 1187 aequalium
354 1135 452 1174 vivit
494 1133 677 1175 moribus
722 1134 771 1174 ad
815 1134 1038 1175 iubendum
1083 1135 1471 1189 obsequendumque

80 1197 192 1236 iuxta
223 1196 388 1249 paratis
452 1194 524 1235 sed
557 1196 651 1247 quia
683 1196 790 1235 scire
823 1195 1032 1236 desideras
1066 1201 1106 1236 et
1138 1195 1272 1237 locum
1305 1202 1346 1237 et
1378 1210 1471 1237 cau-

79 1268 184 1310 sam,
222 1268 302 1309 quo
341 1255 500 1296 facilius
538 1254 750 1308 intellegas
781 1268 870 1296 rem
906 1258 1189 1311 perexiguam,
1227 1257 1303 1297 tibi
1334 1259 1470 1310 potius
1509 1273 1527 1300 5

76 1317 177 1357 vitio
208 1321 340 1371 verte,
378 1316 485 1370 quod
523 1316 733 1369 loquacior
764 1317 844 1357 erit
875 1328 998 1370 opere
1029 1318 1239 1370 praefatio
1303 1316 1343 1360 3.
1377 1331 1472 1359 con-

78 1389 319 1417 veneramus
351 1377 401 1417 ad
433 1378 564 1417 sancti
593 1376 696 1417 Iusti
727 1376 990 1430 sepulchrum
1023 1373 1116 1434 (sed
1148 1378 1224 1418 tibi
1255 1379 1471 1420 infirmitas

79 1437 384 1491 impedimento,
409 1449 459 1477 ne
486 1443 583 1478 tunc
609 1433 812 1493 adesses);
838 1440 1048 1490 processio
1069 1439 1202 1479 fuerat
1221 1439 1472 1493 antelucana,

80 1497 330 1538 sollemnitas
362 1499 650 1551 anniversaria,
686 1497 861 1550 populus
892 1500 1038 1551 ingens
1070 1512 1171 1539 sexu
1203 1512 1253 1540 ex
1284 1506 1472 1555 utroque,

80 1571 202 1612 quem
235 1559 498 1611 capacissima
535 1557 702 1598 basilica
739 1570 822 1598 non
866 1564 1031 1611 caperet
1076 1559 1297 1612 quamlibet
1338 1562 1471 1601 cincta

81 1619 242 1659 diffusis
287 1618 666 1672 cryptoporticibus.
734 1618 846 1659 cultu
882 1624 1047 1671 peracto
1085 1619 1331 1675 vigiliarum,
1371 1634 1471 1674 quas

80 1678 304 1720 alternante
337 1678 566 1719 mulcedine
598 1678 786 1719 monachi
824 1678 1044 1732 clericique
1082 1679 1342 1732 psalmicines
1376 1694 1470 1722 con-

81 1739 401 1793 celebraverant,
440 1742 612 1793 quisque
645 1741 689 1779 in
721 1739 880 1779 diversa
913 1741 1178 1794 secessimus,
1215 1753 1297 1781 non
1329 1742 1472 1794 procul

81 1806 227 1854 tamen,
259 1805 399 1853 utpote
432 1800 481 1840 ad
513 1802 675 1840 tertiam
706 1805 869 1853 praesto
901 1800 1042 1854 futuri,
1074 1813 1166 1841 cum
1192 1801 1471 1842 sacerdotibus

80 1873 148 1901 res
186 1861 320 1901 divina
359 1860 560 1915 facienda3
604 1861 645 1901 4.
684 1860 733 1900 de
778 1860 856 1900 loci
896 1873 991 1901 sane
1029 1861 1322 1914 turbarumque
1361 1875 1469 1903 com·

79 1933 227 1974 pressu
270 1921 401 1974 deque
445 1923 676 1962 numerosis
713 1920 934 1962 luminibus
973 1921 1110 1961 inlatis
1153 1924 1276 1962 nimis
1316 1922 1471 1977 anheli3

81 1981 203 2022 simul
241 1987 283 2022 et
319 1983 462 2022 aestati
499 1994 579 2022 nox
615 1982 744 2022 adhuc
776 1983 960 2035 proxima
992 1988 1098 2022 tecto
1132 1982 1291 2023 clausos
1325 1995 1470 2036 vapore

80 2047 297 2097 torruerat,
324 2044 401 2083 etsi
428 2044 508 2082 iam
534 2044 666 2095 primo
693 2043 844 2095 frigore
871 2047 1006 2082 tamen
1027 2043 1270 2083 autumnalis
1289 2044 1469 2083 Aurorae

179 2200 201 2232 6
228 2205 419 2241 quamque
446 2195 528 2230 LP
550 2199 584 2231 et
611 2198 721 2239 (corr.
748 2197 791 2231 in
817 2206 1051 2240 quamquam
1072 2195 1207 2240 NON,
1235 2206 1470 2241 quamquam

81 2243 153 2289 (vel
176 2245 411 2289 quanquam)
441 2243 622 2288 0TMF,
649 2254 814 2289 namque
841 2243 1092 2289 Imetjohmm,
1120 2244 1159 2278 et
1184 2244 1254 2279 del.
1287 2244 1470 2281 Wilamo-

81 2293 168 2328 witz
185 2294 198 2337 Ι
218 2295 240 2327 8
266 2291 441 2338 assignat
462 2292 496 2328 Τ
513 2294 525 2338 ΙΙ
546 2295 566 2326 9
592 2291 655 2327 vix
675 2293 758 2328 secl.
774 2292 1036 2337 Luetjohann;
1062 2303 1113 2327 an
1132 2290 1196 2327 vix
1217 2294 1280 2327 et?
1299 2293 1311 2338 ss
1333 2297 1378 2328 10
1396 2293 1469 2329 hoc

86 2338 118 2375 0
142 2341 155 2386 ss
189 2343 234 2375 13
261 2340 552 2385 obsequendum
584 2341 668 2386 (om.
694 2342 785 2387 que)
814 2340 845 2377 G
871 2342 884 2386 ΙΙ
920 2343 964 2375 18
985 2344 1072 2386 post
1096 2339 1374 2385 impedimento
1401 2342 1466 2389 ley.

81 2386 157 2423 fuit
174 2389 218 2425 in
236 2389 305 2433 Fu
326 2392 372 2424 20
394 2393 480 2435 post
500 2391 655 2434 caperet
674 2389 741 2436 leq.
763 2390 802 2425 et
822 2390 864 2425 in
884 2388 1000 2434 Mon
1020 2391 1066 2423 27
1092 2390 1196 2424 tecto
1216 2389 1468 2435 Luetjohann,

80 2434 202 2473 tacito
227 2437 322 2473 LM
330 2437 401 2474 GT
417 2438 430 2483 11

1492 969 1528 997 10

1492 1577 1527 1603 20

1490 1878 1526 1905 25
