1592 2612
157 128 240 171 128
653 122 800 160 LIBER
826 122 1026 160 SEXTUS.

154 231 253 270 catis
286 229 468 280 receptui
500 238 662 280 canere3
701 230 742 265 et
773 223 998 277 euangelici
1029 224 1204 276 pastoris
1238 222 1423 277 exemplo
1455 235 1538 264 non

155 289 325 343 amplius
358 288 535 341 laetaris,
575 288 610 326 si
641 289 904 339 permaneant
936 285 1041 338 sani,
1074 295 1193 336 quam
1227 284 1263 324 si
1294 295 1378 324 non
1408 296 1538 325 rema-

154 355 276 391 neant
308 349 519 401 desperati.
570 352 610 387 te
644 358 754 400 ergo,
785 357 926 385 norma
957 356 1130 398 morum,
1160 348 1214 398 te,
1247 343 1434 385 columna
1457 346 1538 385 vir-

155 415 298 464 tutum,
330 414 382 462 te,
410 410 445 448 si
469 407 645 448 blandiri
671 408 753 446 reis
781 405 887 459 licet,
918 417 1026 459 vera,
1058 406 1151 457 quia
1179 409 1328 460 sancta,
1354 404 1539 460 dulcedo,

119 484 136 509 5
158 469 469 523 despicatissimi
488 469 637 508 vermis
656 466 793 507 ulcera
814 466 951 518 digitis
972 465 1265 506 exhortationis
1285 470 1539 507 contrectare

156 543 238 571 non
268 531 413 583 piguit;
446 528 521 568 tibi
552 529 741 568 avaritiae
771 539 853 567 non
879 527 954 566 fuit
978 538 1146 579 pascere
1172 527 1339 567 monitis
1365 527 1540 567 animam

157 590 368 643 fragilitate
413 590 590 629 ieiunam
635 592 675 628 et
720 588 768 628 de
814 587 1007 640 apotheca
1052 585 1281 627 dilectionis
1319 586 1539 628 altissimae

158 650 367 691 sectandae
406 649 524 689 nobis
562 648 800 689 humilitatis
833 648 1051 701 propinare
1083 659 1329 688 mensuram.
1392 645 1433 689 5.
1467 647 1539 688 sed

158 724 245 764 ora,
289 715 333 751 ut
373 710 612 762 quandoque
651 710 908 762 resipiscam,
953 712 1147 760 quantum
1191 720 1303 748 meas
1341 707 1542 761 deprimat

102 786 136 811 ιο
157 773 290 811 oneris
330 772 511 824 impositi
548 782 680 809 massa
719 770 909 810 cervices.
976 769 1201 809 facinorum
1232 769 1540 810 continuatione

155 833 280 872 miser
325 843 371 871 eo
410 831 664 871 necessitatis
706 830 878 884 accessi,
921 834 966 869 ut
1008 830 1044 869 is
1082 841 1157 882 pro
1195 833 1360 882 peccato
1401 828 1542 883 populi

155 904 262 932 nunc
301 904 416 931 orare
455 890 689 945 compellar,
730 903 803 943 pro
844 902 922 943 quo
961 889 1136 942 populus
1174 891 1439 930 innocentum
1475 891 1542 930 vix

156 952 275 992 debet
316 954 532 1005 impetrare
573 953 607 991 si
645 951 856 1004 supplicet.
918 962 1013 990 nam
1053 951 1144 1003 quis
1185 950 1290 991 hene
1328 949 1542 991 medellam

157 1025 276 1065 aeger
320 1009 553 1065 impertiat?
617 1013 707 1064 quis
753 1011 932 1051 febriens
977 1012 1184 1064 arroganti
1226 1015 1337 1052 tactu
1379 1010 1543 1064 pulsum

103 1086 136 1112 ιε»
158 1073 378 1125 distinguat
415 1070 687 1112 incolumem}>
745 1073 835 1125 quis
873 1072 1058 1112 desertor
1095 1073 1308 1112 scientiam
1345 1073 1407 1111 rei
1437 1071 1543 1112 mili-

156 1134 255 1173 taris
288 1135 376 1173 iure
409 1131 657 1173 laudaverit?
715 1134 806 1185 quis
839 1132 1072 1173 esculentus
1105 1132 1348 1173 abstemium
1380 1144 1542 1186 compe-

156 1198 289 1233 tenter
327 1191 534 1246 arguerit?
590 1194 898 1246 indignissimus
935 1192 1168 1233 mortalium
1205 1205 1374 1233 necesse
1413 1193 1542 1234 habeo

158 1253 293 1294 dicere
326 1254 431 1307 quod
464 1254 595 1294 facere
629 1254 821 1308 detrecto,
854 1258 895 1293 et
926 1253 976 1294 ad
1002 1266 1092 1294 mea
1117 1255 1205 1307 ipse
1231 1252 1354 1293 verba
1379 1253 1542 1294 damna-

157 1313 268 1367 bilis,
301 1327 393 1354 cum
424 1327 505 1354 non
537 1314 725 1367 impleam
760 1326 861 1367 quae
894 1326 1059 1368 mone0,
1097 1314 1205 1354 idem
1237 1315 1280 1353 in
1311 1326 1377 1354 me
1410 1326 1543 1355 meam

103 1389 138 1415 20
159 1374 305 1414 cotidie
345 1387 465 1427 cogor
504 1375 655 1415 dictare
697 1376 950 1415 sententiam.
1014 1373 1052 1415 6.
1087 1375 1159 1415 sed
1193 1375 1228 1415 si
1259 1379 1305 1414 tu
1336 1375 1444 1415 inter
1475 1387 1541 1416 me

159 1439 199 1474 et
236 1434 367 1489 illum,
405 1436 471 1475 cui
503 1436 850 1490 concrucifigeris,
889 1435 1098 1476 dominum
1130 1439 1317 1476 nostrum
1348 1447 1423 1489 pro
1456 1448 1543 1476 see-

158 1493 287 1534 lerum
318 1508 499 1536 meorum
532 1496 698 1550 populo,
738 1497 874 1536 iunior
906 1508 1021 1549 mage
1055 1508 1176 1549 quam
1207 1497 1341 1536 minor
1370 1495 1543 1551 Moyses,

158 1556 402 1595 intercessor
429 1558 606 1611 assistas,
638 1569 719 1596 non
745 1556 918 1597 ulterius
945 1557 1241 1597 descendemus
1266 1557 1308 1596 in
1335 1556 1543 1597 infernum

157 1617 336 1656 viventes
380 1629 454 1657 nec
498 1630 571 1670 per
615 1617 837 1657 carnalium
880 1618 1072 1658 vitiorum
1111 1618 1314 1658 incentiva
1351 1617 1545 1657 flammati

106 1689 140 1716 25
159 1675 208 1715 ad
241 1676 362 1716 altare
396 1677 548 1717 domini
574 1679 709 1730 ignem
736 1678 888 1718 diutius
915 1678 1183 1718 accendemus
1210 1677 1404 1732 alienum3
1436 1679 1544 1732 quia,

160 1749 398 1789 quamquam
431 1750 505 1777 nos
537 1743 674 1791 utpote
702 1751 794 1778 reos
821 1738 970 1791 gloriae
997 1738 1100 1779 libra
1125 1751 1207 1779 non
1233 1739 1413 1792 respicit,
1445 1739 1543 1778 satis

158 1802 292 1837 tamen
326 1810 526 1850 superque
560 1798 842 1853 gaudebimus,
882 1801 917 1839 si
949 1804 1116 1852 precatu
1147 1805 1216 1839 tuo
1249 1798 1382 1839 levare
1414 1798 1544 1839 valea-

160 1870 248 1897 mus
287 1859 493 1898 interioris
530 1859 707 1899 hominis
747 1861 877 1899 nostri
916 1860 994 1900 etsi
1031 1872 1113 1900 non
1154 1861 1359 1912 integrum
1397 1859 1446 1899 ad
1477 1871 1542 1899 re-

159 1919 497 1973 munerationem,
537 1924 645 1959 certe
683 1919 747 1959 vel
786 1921 1064 1961 cicatricatum
1102 1924 1244 1973 pectus
1284 1919 1333 1960 ad
1371 1920 1543 1960 veniam.

106 1991 141 2016 30
159 1989 314 2018 memor
345 1981 476 2019 nostri
507 1992 597 2019 esse
630 1980 819 2034 dignare,
852 1980 1013 2021 domine
1045 1993 1159 2034 papa.

257 2122 278 2153 9
306 2119 491 2163 quantum
517 2119 642 2156 LNG
669 2124 703 2157 et
733 2121 777 2157 in
808 2132 882 2157 ras.
910 2121 987 2167 Ml,
1021 2132 1109 2157 oum
1142 2120 1245 2158 enim
1272 2121 1308 2157 T
1341 2123 1353 2168 ΙΙ
1394 2123 1438 2156 10
1458 2125 1546 2167 post

163 2165 326 2201 cervices
354 2168 532 2204 excidisse
550 2167 659 2204 vides
679 2169 815 2206 conicit
828 2169 1035 2206 Mommsen
1053 2172 1066 2216 u
1087 2173 1131 2206 19
1158 2181 1245 2205 cum
1263 2180 1342 2205 non
1360 2168 1544 2216 impleam

164 2224 259 2257 quae
285 2226 421 2251 moneo
442 2215 478 2251 L
503 2220 537 2252 et
560 2220 604 2252 ut
628 2228 661 2253 v.
682 2217 735 2262 N,
759 2217 823 2254 sed
848 2228 940 2254 corr.
967 2219 1010 2255 in
1034 2217 1220 2264 imperem
1246 2228 1346 2263 quae
1370 2228 1449 2253 non
1473 2216 1544 2252 im-

163 2260 249 2306 pleo
276 2261 320 2297 N
322 2263 344 2308 ¹,
377 2263 561 2310 imperem
593 2275 692 2310 quae
717 2275 794 2300 non
819 2264 963 2311 impleo
991 2267 1041 2302 M
1047 2266 1135 2310 0T‚·
1167 2278 1221 2303 om
1254 2277 1341 2302 cum
1371 2277 1449 2302 non
1473 2264 1544 2300 im-

162 2308 291 2362 pleam
317 2322 413 2354 quae
439 2323 586 2359 moneo,
615 2312 800 2359 imperem
820 2324 917 2358 quae
942 2326 1021 2350 non
1045 2314 1215 2361 impleo?
1239 2316 1243 2361 Ι
1265 2314 1307 2350 in
1331 2325 1392 2350 me
1417 2324 1544 2349 meam

163 2357 210 2402 L,
237 2369 277 2392 m
303 2369 423 2393 meam
458 2360 500 2406 V,
532 2360 574 2396 in
599 2372 659 2397 me
685 2372 783 2408 sequ.
804 2363 828 2398 3
854 2362 923 2399 litt.
950 2374 1024 2400 ras.
1045 2363 1091 2399 N
1094 2364 1115 2409 ¹,
1141 2362 1182 2399 in
1207 2373 1268 2399 me
1293 2363 1375 2410 (om.
1402 2364 1545 2409 meam)

165 2406 214 2440 M
224 2405 292 2442 OT
309 2409 321 2452 ΙΙ
341 2410 386 2441 23
413 2419 463 2443 an
489 2409 654 2444 exista-s?
680 2409 930 2457 Luetjohawn,
955 2412 1101 2456 frustra
1119 2414 1131 2458 ΙΙ
