1592 2612
144 138 297 175 XLVIII
683 136 973 173 PRAEFATIO.

146 240 337 280 diandum
382 251 481 279 esse.
551 238 740 279 Sidonius
786 241 894 279 enim
938 239 1074 279 dicere
1111 238 1196 279 vult
1233 238 1329 280 solis
1368 240 1524 293 ignavis

147 302 335 340 virtutem
369 301 536 340 otiosam
569 299 677 354 fingi,
710 312 811 352 quae
844 312 983 340 revera
1012 299 1195 340 audendo
1222 304 1343 353 atque
1368 299 1524 353 agendo

146 359 350 414 probetur.
378 383 434 388 —-
460 359 515 400 Ib.
537 357 595 400 95
626 373 699 413 pro
726 366 872 412 eaptus
898 359 1199 413 Luetjohannus
1225 359 1338 401 malit
1363 365 1526 408 tactus;

148 422 268 461 etiam
289 426 433 472 raptus
453 422 584 461 conici
609 425 754 475 potest,
781 420 849 460 sed
876 420 977 460 nihil
1003 422 1252 461 mutaverim.
1274 444 1331 449 —-
1357 421 1412 461 lh.
1437 420 1522 463 117

147 481 475 521 Wilamowitzius
519 493 601 521 non
644 480 746 521 male
785 483 975 534 proponit
1013 483 1222 523 arithmos.
1256 505 1313 510 —
1350 482 1407 523 lb.
1437 479 1525 524 166

143 543 321 593 pallidat
339 541 439 581 nihil
459 554 589 595 neque
610 541 737 582 forma
757 554 890 595 neque
911 554 1034 582 sensu
1054 542 1289 582 offensionis
1309 542 1447 598 habet3
1475 543 1523 584 cf.

148 603 268 641 etiam
300 601 547 642 Gustafsson.
581 599 646 642 tde
678 602 747 655 Ap.
776 602 857 642 Sid.
885 599 1057 643 emend?
1090 615 1127 656 p.
1158 601 1256 658 123,
1289 605 1359 656 qui
1390 603 1525 657 vulga-

147 667 228 702 tam
269 662 482 703 lectionem
521 664 638 703 Polla
681 665 754 703 dat
796 667 962 716 propter
1006 664 1152 704 mirum
1198 663 1310 704 verbi
1350 660 1524 721 dandi*)

147 734 265 763 usum
298 724 460 763 omnino
493 722 685 776 explicari
722 735 842 776 posse
881 728 1008 776 negat.
1073 723 1195 764 Paulo
1234 729 1370 766 tamen
1408 725 1526 766 aliter

148 788 265 836 atque
298 782 364 823 ille
396 783 471 823 hoc
510 783 676 823 verbum
708 783 889 837 intellegi
921 783 1009 823 volo
1043 786 1120 833 (=
1147 797 1289 826 amore
1322 788 1526 838 pallidum

143 843 320 894 faeere).
367 867 423 871 -
468 844 522 884 lh.
563 842 648 884 207
695 844 744 883 de
790 847 981 885 vitrei..
1011 877 1055 885 ..
1088 844 1373 897 Hippocrenes
1416 859 1451 887 v,
1491 859 1525 887 c.

148 903 218 959 IX,
244 902 343 945 285.
406 904 505 944 Mira
544 910 605 944 est
646 904 830 945 codicum
870 904 977 945 CPF
1017 907 1217 959 scriptura
1249 907 1527 959 Hippocrenis

149 977 275 1017 eoque
307 966 446 1018 magis,
479 965 585 1017 quod
618 965 743 1005 altero
777 965 863 1005 loco
897 961 950 1021 (c.
977 965 1042 1020 lx,
1068 962 1148 1021 44)
1183 967 1323 1007 eadem
1350 969 1527 1020 genetivi

148 1026 275 1065 forma
310 1025 436 1066 Hellis
470 1020 625 1080 (Helles
651 1025 692 1064 L.
718 1021 907 1081 Mueller)
940 1028 1128 1066 occurrit.
1158 1051 1213 1055 —
1246 1027 1302 1068 Ib.
1330 1026 1419 1070 385
1445 1028 1526 1068 Leo

149 1097 222 1138 pro
244 1087 528 1136 perexplicato
555 1087 744 1138 proponit
765 1086 860 1136 fere
886 1089 1104 1137 explicato.
1157 1087 1234 1128 Sed
1263 1101 1354 1129 cum
1377 1090 1526 1142 septies

150 1145 322 1185 stadium
354 1146 676 1198 permetiendum
715 1151 823 1186 esset
861 1141 930 1201 (cf.
958 1159 1079 1200 supra
1112 1161 1145 1187 v.
1174 1146 1262 1190 372
1302 1151 1344 1190 in
1373 1162 1527 1202 yyrum

151 1201 526 1261 ....septimum),
569 1206 711 1258 vulgus
749 1219 830 1246 non
867 1206 1056 1262 habebat,
1102 1208 1208 1261 quod
1248 1214 1361 1250 sexto
1404 1222 1527 1251 cursu

149 1265 326 1306 nondum
359 1266 539 1306 confecto
571 1266 845 1307 adversarium
870 1268 950 1306 iam
981 1272 1186 1321 tamquam
1212 1271 1406 1311 victorem
1432 1283 1527 1311 con-

150 1325 351 1366 salutaret.
414 1325 459 1366 In
491 1328 578 1379 ipso
612 1332 745 1367 autem
778 1328 1051 1380 decomposito
1084 1342 1105 1369 a
1133 1329 1311 1385 Sidonio,
1342 1335 1388 1371 ut
1416 1331 1525 1372 vide-

149 1391 232 1439 tur,
270 1390 412 1426 novato
445 1399 525 1426 non
557 1392 620 1427 est
651 1401 723 1427 cur
755 1388 1013 1429 offendamus.
1047 1412 1103 1417 —
1137 1389 1271 1445 XXIV,
1297 1388 1356 1433 52
1387 1393 1526 1433 nescio

151 1458 228 1498 qua
270 1446 318 1486 de
360 1459 479 1486 causa
516 1447 816 1500 Luetjohannus
862 1453 1000 1489 contra
1045 1462 1184 1491 omnes
1227 1450 1354 1492 libros
1402 1453 1526 1494 Voro-

152 1519 283 1556 anqus
323 1508 548 1562 scripserit,
593 1520 684 1548 cum
722 1521 782 1561 ep.
808 1509 855 1560 ΙΙ,
880 1507 921 1563 9,
951 1508 975 1550 7
1022 1512 1110 1563 ipse
1155 1511 1300 1553 melius
1338 1517 1526 1554 testatam

153 1566 318 1606 sormam
361 1567 582 1619 Vorocinyi
612 1571 821 1622 receperit.

240 1746 390 1801 Restat,
422 1753 467 1788 ut
500 1748 542 1788 G.
577 1749 737 1790 Goetzio
771 1756 811 1790 et
843 1751 883 1791 C.
910 1751 1153 1806 Wagenero‚
1189 1754 1259 1804 qui
1291 1753 1341 1793 de
1374 1753 1527 1808 aliquot

150 1805 247 1846 locis
286 1820 348 1847 me
387 1807 634 1849 dubitantem
673 1811 840 1850 consilio
880 1811 1137 1866 adiuverunt,
1180 1812 1336 1854 debitas
1376 1817 1525 1867 gratias

151 1878 272 1918 agam.

211 2026 214 2029 ,
245 1994 279 2041 *)
304 1994 385 2030 Hoc
411 1996 568 2031 verbum
602 1998 703 2044 apud
731 1997 926 2035 Sidonium
952 2012 1238 2046 nonnumquam
1272 2002 1318 2038 de
1352 2014 1398 2039 ea
1430 2004 1525 2041 urbe

150 2043 365 2087 usurpatur,
391 2044 431 2078 in
457 2055 531 2089 qua
557 2045 640 2090 quis
661 2047 774 2082 natus
802 2049 871 2093 est,
897 2049 941 2083 ut
961 2060 1074 2094 supra
1099 2061 1133 2085 v.
1156 2053 1225 2086 105
1251 2062 1356 2098 quem
1375 2053 1527 2090 dederat

152 2118 159 2125 .
181 2118 189 2126 .
212 2119 218 2126 .
240 2090 395 2134 Priem;
424 2095 491 2127 163
518 2105 621 2139 quem
646 2095 712 2130 dat
737 2095 901 2132 Bilbilis.
953 2096 1053 2140 Quos
1079 2096 1184 2134 locos
1210 2099 1363 2136 intuens
1389 2100 1526 2137 dubito

151 2148 200 2172 an
236 2150 312 2174 non
348 2141 451 2175 recte
488 2140 527 2175 in
565 2141 690 2178 indice
728 2143 925 2179 nominum
955 2144 1104 2180 Liviam
1137 2146 1197 2193 (cf.
1220 2158 1277 2194 ep.
1298 2148 1402 2192 VIII,
1426 2152 1483 2195 11,
1505 2155 1526 2185 3

149 2197 184 2222 v.
205 2189 251 2221 34
272 2188 397 2232 prisco
422 2188 538 2225 Livia
563 2202 667 2236 quem
692 2191 757 2227 dat
782 2203 799 2228 e
824 2195 969 2238 senatu)
996 2193 1147 2229 Leontii
1172 2199 1335 2232 matrem
1361 2208 1444 2233 esee
1471 2197 1527 2233 di-

150 2233 279 2279 xerim,
320 2246 405 2271 cum
442 2237 570 2282 potius
602 2237 731 2283 patria
762 2250 842 2275 esse
877 2239 1059 2277 videatur.
1112 2242 1350 2289 Quamquam
1383 2244 1526 2291 nescio,

150 2282 471 2326 quemadmodum
496 2286 576 2320 tum
604 2289 807 2332 congruat,
839 2289 883 2323 ut
914 2288 980 2325 ille
1006 2291 1118 2334 facile
1139 2292 1287 2337 primus
1312 2293 1526 2340 Aquitano-

151 2341 236 2366 rum
261 2333 332 2376 (ep.
355 2331 454 2377 VIII,
478 2337 532 2379 12,
555 2336 592 2380 5)
619 2335 846 2381 appelletur.

1332 2414 1380 2461 P.
1412 2414 1467 2461 M.
