1592 2612
147 73 237 110 VIII
690 73 983 112 PRAEFATIO.

150 188 243 215 nam
276 175 382 228 quod
415 188 475 229 ep.
501 175 531 230 Ι,
557 174 596 230 2,
623 174 651 217 2
683 178 726 216 in
751 175 781 216 F
807 180 898 229 post
930 178 1127 227 ampliata
1159 175 1325 229 legitur:
1356 180 1395 219 si
1424 190 1523 220 casu

152 238 333 276 dentium
381 239 510 277 series
556 239 752 277 ordinata
793 239 1073 288 praemineat,
1122 239 1287 278 niveum
1335 241 1523 289 protinus

150 301 438 347 repraesentat
478 299 568 348 ipsa
606 299 801 351 colorem,
842 298 921 336 iam
954 295 1257 337 Gustafssonius
1289 302 1419 338 totum
1449 298 1522 339 hoc

152 356 365 396 delendum
398 369 487 396 esse
521 362 630 397 recte
664 358 859 410 cognovit.
924 357 1003 397 Sed
1041 358 1118 397 tria
1158 356 1225 397 illa
1257 357 1523 399 additamenta

150 417 248 456 haec
281 421 391 457 sunt:
426 415 463 457 1.
485 430 545 470 ep.
566 417 613 471 ΙΙ,
633 415 674 471 2,
694 416 721 458 5
746 423 838 470 post
871 419 1196 458 imbricarentur
1227 418 1403 459 additur:
1436 421 1523 471 ipsa

150 489 247 518 vero
274 480 608 518 convenientibus
628 479 958 527 (concinentibus
977 477 1269 519 Wouwerenus
1295 483 1336 519 et
1356 475 1520 535 Savaro)

150 540 353 578 mensuris
398 540 663 578 exactissima
713 541 969 589 spatiositate
1019 541 1275 589 quadratur,
1326 539 1524 594 idemque,

153 598 223 637 sed
255 603 347 650 post
374 610 588 649 personas,
622 598 706 638 cod.
739 598 952 639 Vaticanus
978 598 1154 651 Reginae
1180 596 1282 653 216,
1312 599 1524 653 Philippici

154 655 270 699 1685
291 663 330 698 et
351 655 465 698 3671
495 657 642 711 aliique
669 660 871 713 inserunt3
903 658 943 699 2.
965 671 1025 712 ep.
1045 658 1110 712 ΙΙΙ,
1131 657 1171 713 8,
1194 658 1215 700 1
1235 665 1328 711 post
1350 662 1523 701 historia

153 718 262 758 add.:
297 721 405 767 filios
432 721 483 759 de
511 721 747 770 proditione
778 722 1023 760 meditantes
1055 720 1203 759 Iunius
1235 721 1388 761 Brutus
1419 723 1523 762 occi-

153 781 232 818 dit:
264 781 339 818 sed
359 778 446 829 fuit
464 781 697 831 parricidii
716 782 895 831 pretium
922 782 1170 820 consulatus.
1204 781 1403 821 Manilius
1423 775 1523 836 (sic)

157 839 387 889 Torquatus
414 841 564 888 filium,
597 842 708 890 quod
737 842 895 880 bostem
922 845 1215 891 provocantem
1246 853 1327 882 non
1359 853 1401 881 se
1428 853 1523 892 per-

149 901 335 939 mittente
355 906 640 950 provocasset,
672 903 815 940 securi
839 902 997 940 lictoris
1024 902 1209 940 addixit:
1239 903 1316 941 sed
1332 913 1524 953 pompam

151 961 351 1010 triumphi
374 972 455 1010 pro
487 962 678 1000 mercede
711 962 971 1000 crudelitatis
992 962 1254 1011 populariter
1280 963 1524 1013 impetravit.

149 1021 225 1059 tibi
256 1032 351 1060 vero
377 1032 491 1060 nunc
517 1033 543 1060 a
570 1021 764 1060 barbaris
791 1022 923 1061 odiosi
942 1019 1110 1070 faceret
1140 1021 1321 1062 Romani
1350 1024 1527 1063 nominis

150 1092 278 1120 amor.
337 1081 554 1130 postquam
582 1083 695 1129 filius
727 1082 915 1121 sublatus
946 1085 1007 1121 est
1037 1083 1215 1121 colludio
1238 1080 1525 1136 factiosorum,

148 1142 331 1180 maluisti
354 1153 486 1190 maqzs
512 1146 551 1180 te
577 1143 704 1181 civem
729 1143 959 1181 meminisse
984 1153 1107 1190 quam
1127 1146 1307 1192 patrem.
1347 1155 1424 1183 nec
1451 1144 1529 1183 tibi

149 1200 292 1250 obfuit,
318 1203 417 1250 quin
445 1213 551 1241 esses
577 1202 682 1241 liber
707 1206 817 1241 statu
845 1203 1014 1250 (statum
1033 1200 1184 1241 Wouw.
1187 1196 1218 1257 )‚
1244 1204 1356 1252 quod
1379 1207 1526 1254 captus

149 1272 247 1301 eras
279 1262 395 1308 (eras
428 1266 573 1312 captus
592 1260 734 1301 Wouw
736 1256 765 1316 .)
794 1263 959 1311 affectu,
987 1267 1134 1302 contra
1157 1267 1320 1312 ⁸qentem
1346 1265 1525 1303 vicinam

149 1323 330 1361 validam
371 1323 534 1361 iratam.
598 1334 690 1361 cum
729 1323 902 1362 Ecdicio
941 1324 1140 1371 (hecditio
1179 1317 1286 1378 δᾶν.)
1318 1334 1411 1364 meo
1443 1335 1525 1364 non

149 1383 355 1421 audacter
387 1393 507 1421 arma
539 1384 699 1422 movisti
726 1395 804 1422 nec
836 1380 991 1423 veritus
1023 1394 1082 1435 es,
1107 1393 1159 1422 ne
1179 1385 1293 1431 silius
1320 1388 1414 1423 tuus
1441 1385 1524 1423 iam

143 1453 277 1492 prope
309 1444 483 1491 iuvenis,
517 1444 655 1482 adhuc
682 1455 815 1493 prope
847 1445 1011 1496 unicus,
1039 1447 1213 1493 propter
1237 1445 1338 1483 victi
1357 1443 1527 1494 fusique

149 1503 276 1542 ltostis
319 1505 358 1542 si
399 1514 480 1542 non
523 1504 647 1551 iram,
689 1505 833 1543 saltem
864 1504 1158 1543 verecundiam
1184 1505 1527 1554 periclitaretur;

149 1560 187 1602 3.
215 1574 276 1614 ep.
298 1561 382 1615 vll,
408 1560 455 1615 5,
475 1561 503 1602 2
541 1567 633 1614 post
670 1565 870 1603 adventus
902 1565 964 1603 tui
995 1562 1100 1602 add.:
1139 1575 1330 1604 muneres
1362 1565 1526 1604 indultu

149 1627 188 1662 et
229 1624 337 1662 inter
379 1627 513 1663 tantos
554 1628 684 1663 motus
721 1626 907 1674 partium
944 1623 1226 1673 factiosarum
1267 1624 1524 1664 laborantem

147 1694 211 1722 me
245 1684 598 1732 fluctuantemque
639 1686 807 1724 consilio
849 1686 1067 1731 confirmes
1105 1682 1278 1733 colleqio
1317 1683 1523 1734 informes.

148 1741 198 1782 Et
231 1742 280 1782 de
314 1742 491 1782 secundo
525 1743 689 1795 quidem
720 1743 807 1783 loco
834 1743 914 1783 Leo
947 1744 988 1783 in
1014 1743 1137 1796 praef.
1163 1756 1201 1796 p.
1227 1742 1332 1783 XXV
1356 1756 1444 1783 rem
1469 1745 1524 1784 ita

146 1804 358 1856 transegit,
396 1808 442 1842 ut
479 1802 655 1843 dubitari
695 1805 773 1843 iam
811 1808 1002 1858 nequeat,
1041 1805 1137 1856 quin
1178 1804 1313 1856 inepte
1345 1805 1524 1857 interpo-

148 1862 251 1902 latus
292 1864 360 1917 sit3
403 1862 473 1903 sed
511 1865 660 1917 primo,
700 1868 792 1916 post
831 1865 1157 1904 imbricarentur
1194 1868 1345 1918 tamen,
1385 1876 1524 1904 carere

147 1935 221 1963 nos
253 1935 372 1975 posse
405 1935 526 1977 nego,
560 1925 652 1975 quia
685 1937 731 1964 eo
765 1925 914 1964 omisso
942 1923 1140 1976 quomodo
1167 1926 1392 1964 sententiae
1418 1926 1526 1964 inter

150 1995 192 2023 se
226 1983 466 2023 cohaereant
498 1996 578 2023 non
611 1983 744 2038 video,
786 1989 904 2036 atque
938 1986 1058 2024 etiam
1090 1986 1255 2024 tertium
1288 1986 1375 2024 sine
1408 1984 1524 2025 dubi-

146 2045 298 2083 tatione
331 2045 372 2083 in
405 2049 636 2084 contextum
668 2044 883 2084 verborum
915 2046 1176 2099 recepissem,
1213 2046 1248 2084 si
1286 2044 1404 2084 modo
1442 2043 1525 2084 ullo

148 2159 299 2204 allatas,
326 2170 411 2195 cum
429 2159 633 2214 pleraeque
652 2159 795 2195 nullius
814 2160 931 2206 pretii
952 2160 1040 2206 sint,
1067 2160 1130 2196 hic
1151 2171 1372 2197 enumerare
1394 2170 1523 2206 super-

147 2208 261 2244 sedeo
293 2218 416 2253 neque
448 2207 571 2254 magis
604 2208 863 2244 necessarium
895 2208 1022 2244 visum
1055 2211 1114 2245 est
1144 2208 1291 2245 variam
1320 2207 1525 2244 lectionem

147 2257 339 2292 extremae
372 2256 559 2302 epistulae
585 2256 705 2294 1.111
733 2256 774 2292 in
799 2256 933 2292 Fausti
965 2258 1004 2292 et
1029 2257 1175 2293 Ruricii
1207 2256 1337 2293 codice
1363 2256 1467 2303 Sang
1469 2255 1523 2291 al-

145 2303 244 2388 ffugi
272 2316 303 2388 ἓ.
324 2304 375 2339 ΙΧ
410 2306 582 2340 servatae
618 2308 790 2351 enotare,
828 2305 970 2351 quippe
1003 2317 1101 2351 quae
1139 2304 1238 2341 nihil
1274 2268 1522 2340 memorabile

174 2364 196 2388 a
226 2364 270 2388 ea
291 2382 299 2389 .
