1592 2612
628 118 836 157 CARMEN
858 118 924 156 XI.
1381 116 1469 160 307

159 233 185 266 4
209 223 306 265 dum
338 223 458 278 fugit,
490 227 531 263 et
562 222 651 262 fixit
680 221 865 275 trepidus
898 219 1162 273 Symplegada
1194 219 1324 274 Tifys,

207 286 292 325 exit
322 285 366 324 in
396 283 657 324 Isthmiacum
687 282 853 335 pelagus
886 279 1168 321 claudentibus
1200 279 1274 320 alis
1332 288 1335 290 ·

208 357 396 386 saxorum
430 343 479 384 de
512 355 613 396 rupe
646 344 784 397 sinus,
817 354 897 395 quo
931 353 1050 394 saepe
1083 353 1250 381 recessu

207 407 268 446 sic
296 410 503 458 tamquam
534 408 618 444 toto
651 408 766 444 coeat
797 403 846 443 de
878 402 1031 442 lumine
1065 400 1184 455 caeli,

206 470 361 507 artatur
392 464 559 506 collecta
590 464 678 504 dies
709 463 984 516 tremulasque
1016 474 1090 515 per
1121 461 1251 502 undas

135 535 181 568 1ο
206 527 437 580 insequitur
468 529 624 566 secreta
656 524 764 579 vadi,
796 524 1085 564 transmittitur
1116 521 1195 563 alto

206 587 396 641 perfusus
429 585 644 639 splendore
676 585 800 638 latex,
832 586 1061 637 mirumque
1094 582 1243 636 relatu,

205 647 366 701 lympha
397 646 501 687 bibit
533 646 659 686 solem
691 647 887 698 tenuique
920 646 1073 685 inserta
1105 643 1256 684 fluento

206 708 387 762 perforat
418 708 550 747 arenti
581 706 694 746 radio
726 706 796 746 lux
828 707 935 746 51003
966 705 1178 758 liquorem.

266 768 443 809 Profecit
474 767 608 808 studio
642 768 834 821 spatium3
866 778 960 806 nam
992 765 1184 805 Lemnius
1217 763 1299 803 illic

138 838 183 870 15
210 842 285 869 ceu
316 827 512 882 templum
544 827 642 868 lusit
673 827 820 867 Veneri
851 826 1086 879 fulmenque
1118 824 1354 877 relinquens

206 889 274 930 hic
306 889 562 942 ferrugineus
595 888 761 928 fumavit
793 900 911 940 saepe
943 886 1179 940 Pyragmon.

207 949 275 990 hic
306 949 408 1003 lapis
441 954 521 1003 est,
553 948 602 989 de
636 950 814 1001 quinque
840 948 940 988 locis
967 947 1067 987 dans
1094 947 1272 999 quinque
1300 944 1471 999 colores,

206 1009 417 1064 Aethiops,
447 1009 640 1063 Frygius,
670 1008 831 1062 Parius,
862 1008 1042 1062 Poenus,
1073 1006 1367 1060 Lacedaemon,

208 1082 458 1124 purpureus,
489 1069 651 1123 viridis,
682 1068 934 1122 maculosus,
966 1068 1145 1108 eburnus
1172 1072 1212 1107 et
1244 1065 1370 1107 albus.

139 1140 185 1172 20
210 1136 348 1184 postes
381 1130 618 1184 chrysolithi
650 1129 781 1170 sulvus
814 1128 1047 1181 diffulgurat
1079 1127 1216 1182 ardor3

207 1191 433 1245 myrrhina,
465 1190 755 1244 sardonyches,
788 1190 1035 1242 amethystus
1067 1187 1265 1241 Hiberus,
1296 1188 1422 1240 iaspis

206 1252 329 1292 Indus
339 1284 352 1306 ,
384 1251 658 1304 Chalcidicus,
691 1250 922 1304 Scythicus,
953 1249 1150 1303 beryllus,
1182 1248 1344 1288 achates

211 1311 399 1352 attollunt
430 1311 612 1364 duplices
645 1312 803 1364 argenti
834 1311 997 1351 cardine
1030 1309 1180 1363 valvas,

207 1385 282 1426 per
314 1385 413 1425 quas
446 1371 593 1412 inclusi
624 1371 756 1411 lucem
788 1373 914 1411 vomit
943 1370 1088 1411 umbra
1115 1369 1335 1423 smaragdi3

133 1440 180 1473 25
205 1432 344 1472 limina
376 1444 538 1473 crassus
570 1444 674 1484 onyx
707 1436 861 1472 crustat
890 1435 1137 1484 propterque
1168 1429 1374 1482 hyacinthi

208 1492 369 1533 caerula
401 1492 643 1532 concordem
676 1492 829 1532 faciunt
859 1493 902 1531 in
934 1497 1073 1544 stagna
1106 1489 1294 1530 colorem.

208 1555 387 1594 exterior
418 1565 498 1593 non
530 1557 688 1605 compta
720 1551 839 1606 silex,
872 1551 943 1592 sed
975 1552 1178 1604 prominet
1210 1549 1287 1590 alte

208 1626 326 1667 asper
359 1613 408 1653 ab
442 1613 604 1653 assiduo
637 1612 890 1665 lympharum
923 1611 1091 1652 verbere
1122 1623 1283 1664 pumex.

209 1675 402 1714 interiore
436 1673 523 1714 loco
558 1672 762 1713 simulavit
792 1671 989 1713 Mulciber
1020 1684 1119 1712 auro

137 1743 183 1775 3ο
212 1739 394 1775 extantes
427 1733 504 1774 late
538 1733 727 1786 scopulos
759 1738 879 1786 atque
911 1738 997 1773 arte
1030 1733 1221 1784 magistra

210 1796 365 1848 ingenti
397 1794 508 1835 cultu
540 1798 706 1834 naturae
739 1793 891 1834 inculta
924 1791 1082 1846 fefellit,

209 1855 303 1896 huic
337 1856 450 1908 operi
483 1856 694 1907 insistens,
728 1854 833 1906 quod
866 1853 1040 1894 necdum
1072 1857 1238 1892 noverat
1270 1851 1337 1891 illa

209 1928 310 1969 quae
345 1920 437 1968 post
468 1914 695 1954 Lemniacis
727 1915 930 1954 damnavit
961 1914 1066 1954 furta
1099 1913 1264 1953 catenis.

211 1987 428 2029 squameus
459 1975 537 2015 huc
569 1974 710 2015 Triton
742 1974 915 2028 duplicis
947 1974 1120 2015 confinia
1152 1973 1263 2012 dorsi

136 2045 183 2077 35
211 2049 290 2089 qua
322 2040 468 2076 coeunt
502 2048 623 2088 supra
655 2037 880 2075 sinuamina
912 2033 1061 2075 tortilis
1094 2032 1171 2073 alvi

207 2098 315 2136 inter
347 2108 470 2149 aquas
503 2095 631 2135 calido
664 2097 837 2148 portavit
868 2095 990 2136 corde
1022 2094 1188 2134 Dionen.

210 2157 279 2197 sed
312 2158 461 2209 premit
492 2155 647 2195 adiecto
680 2155 873 2196 radiantis
906 2155 1084 2208 pondere
1117 2153 1293 2194 conchae

186 2265 228 2297 11
256 2261 469 2305 mirumque
505 2271 569 2307 eqo
605 2261 708 2303 (item
739 2259 981 2305 Luetq'ohann
1014 2260 1057 2294 in
1091 2258 1256 2302 adnot.);
1294 2255 1469 2302 miroque

86 2309 190 2347 codd.
210 2309 223 2355 Ι]
243 2312 287 2345 18
309 2308 484 2354 aethiops
501 2308 535 2343 T
540 2307 590 2352 F,
612 2307 800 2355 aethyops
816 2308 903 2353 0P3
923 2305 1138 2352 Aethiopus
1154 2305 1302 2342 Colvius
1320 2306 1332 2352 [1
1351 2308 1398 2340 26
1418 2316 1471 2341 an

86 2356 255 2394 iaciunt?
282 2357 523 2403 Luetjohann
542 2357 554 2402 [1
574 2360 620 2392 32
646 2355 745 2392 hunc
772 2357 858 2402 PT,
883 2367 982 2391 nunc
1011 2355 1045 2390 T
1070 2358 1083 2401 ῃ
1111 2357 1157 2389 36
1182 2353 1332 2390 Dionen
1357 2354 1471 2390 Laet-

79 2406 249 2452 johann;
274 2405 435 2441 Dionem
461 2405 565 2442 codd.
586 2406 599 2451 ΙΙ

1175 2462 1251 2499 20*
