1592 2612
111 122 167 165 18
610 116 756 154 LIBER
780 114 974 152 ramus.

110 230 239 264 trema
266 233 446 276 quaeque
475 233 545 261 seu
573 220 758 272 sustinet,
789 216 990 258 infelicius
1016 215 1117 256 nihil
1143 211 1231 268 est,'
1248 215 1284 255 si
1308 217 1401 268 post
1425 218 1488 254 tot

108 289 224 324 notas
264 285 417 323 inustas
457 279 800 331 contumeliasque
838 277 988 330 aliquid
1021 288 1128 316 nunc
1160 274 1332 328 amplius
1365 285 1486 328 quam

109 346 241 385 vivere
274 345 399 384 timet.
449 341 546 382 vale.

732 468 852 512 VIII.

319 553 545 591 smoNan
572 551 880 589 CANDIDIANO
909 550 1002 587 SUO
1029 549 1271 587 SALUTEM.

73 645 90 672 5
203 632 238 673 1.
284 632 430 672 Morari
467 643 531 671 me
568 629 717 670 Romae
758 628 1066 683 congratularis3
1107 627 1148 668 id
1192 632 1327 668 tamen
1370 628 1488 681 quasi

109 694 234 734 facete
268 697 307 733 et
338 692 614 744 fatigationum
647 689 796 731 salibus
830 689 1034 730 admixtis:
1075 690 1134 729 ais
1167 689 1277 729 enim
1309 688 1486 742 gaudere

108 759 166 807 te,
199 753 303 806 quod
337 752 549 804 aliquando
582 752 836 791 necessarius
869 755 962 791 tuus
994 749 1152 790 videam
1184 748 1330 804 solem,
1363 761 1486 802 quem

108 815 246 866 utique
278 825 442 865 perraro
475 812 625 852 bibitor
650 811 838 851 Araricus
871 811 1129 863 inspexerim.
1173 809 1342 851 nebulas
1376 811 1487 850 enim

108 874 206 913 mihi
244 885 426 913 meorum
457 872 789 925 Lugdunensium
828 871 1047 925 exprobras
1087 875 1127 911 et
1159 871 1267 911 diem
1300 872 1488 924 quereris

53 947 89 974 ιο
108 934 224 974 nohis
258 935 451 973 matutina
484 932 653 986 caligine
687 932 937 973 obstructum
970 933 1036 972 vix
1069 931 1293 972 meridiano
1327 931 1486 972 fervore
1521 936 1530 947 ”

107 995 291 1035 reserari.
364 993 403 1034 2.
449 998 489 1033 et
531 998 574 1034 tu
621 995 745 1033 istaec
789 993 889 1033 mihi
928 992 1159 1033 Caesenatis
1198 992 1309 1033 furni
1347 993 1486 1046 potius

108 1067 226 1107 quam
258 1054 395 1107 oppidi
426 1066 547 1094 verna
579 1051 832 1094 deblateras?
883 1053 931 1093 de
972 1055 1087 1093 cuius
1119 1052 1262 1094 natalis
1294 1052 1372 1093 tibi
1405 1052 1483 1093 soli

107 1114 169 1154 vel
210 1114 454 1154 iucunditate
498 1114 560 1154 vel
602 1114 809 1154 commodo
855 1113 950 1167 quid
997 1115 1118 1154 etiam
1162 1115 1250 1167 ipse
1296 1114 1486 1168 sentires,

109 1175 204 1215 dum
229 1176 389 1228 migras,
420 1174 663 1228 iudicavisti3
696 1176 751 1214 ita
776 1180 923 1228 tamen,
950 1174 1055 1226 quod
1083 1180 1122 1215 te
1148 1174 1361 1215 Ravennae
1394 1173 1485 1214 feli-

57 1247 91 1275 15
110 1232 214 1275 cius‘
242 1234 468 1288 exulantem
506 1234 669 1275 auribus
708 1234 866 1280 Padano
907 1234 1033 1275 culice
1079 1235 1276 1288 perfossis
1314 1235 1488 1276 munici-

108 1294 258 1348 palium
294 1308 481 1335 ranarum
518 1295 663 1348 loquax
700 1295 817 1336 turba
849 1295 1100 1336 circumsilit.
1151 1297 1194 1336 in
1227 1308 1305 1349 qua
1338 1294 1486 1348 palude

109 1355 383 1395 indesinenter
427 1368 562 1395 rerum
607 1357 785 1396 omnium
830 1355 916 1408 lege
962 1369 1152 1408 perversa
1190 1357 1298 1396 muri
1318 1355 1488 1396 'cadunt

110 1428 235 1468 aquae
269 1420 385 1469 stant,
417 1421 550 1455 turres
583 1416 712 1456 fluunt
744 1429 865 1456 naves
899 1417 1052 1471 sedent,
1085 1418 1195 1470 aegri
1227 1415 1487 1457 deambulant

110 1475 257 1515 medici
290 1477 438 1530 iacent,
475 1476 607 1528 algent
639 1476 779 1517 balnea
813 1477 1015 1517 domicilia
1048 1478 1313 1531 conflagrant,
1345 1478 1492 1518 sitiunt

56 1550 91 1576 20
111 1537 190 1575 vivi
209 1540 348 1575 natant
368 1536 526 1590 sepulti,
552 1536 718 1589 vigilant
738 1537 846 1577 fures
868 1537 1074 1578 dormiunt
1093 1542 1327 1592 potestates,
1353 1537 1489 1578 faene-

111 1601 252 1636 rantur
284 1595 421 1636 clerici
454 1596 543 1649 Syri
574 1597 760 1651 psallunt,
792 1599 1063 1650 negotiatores
1095 1598 1271 1641 militant
1301 1597 1491 1639 monachi

111 1657 379 1710 negotiantur,
400 1657 562 1697 student
581 1657 685 1710 pilae
708 1671 824 1698 senes
846 1658 953 1698 aleae
975 1660 1154 1713 iuvenes,
1174 1660 1298 1700 armis
1312 1658 1492 1700 eimuchi

111 1715 256 1756 litteris
299 1716 502 1757 foederati.
567 1716 604 1758 3.
638 1723 682 1758 tu
713 1718 821 1772 vide,
863 1718 992 1771 qualis
1030 1721 1083 1760 sit
1114 1721 1274 1773 civitas,
1311 1718 1383 1759 ubi
1414 1717 1491 1760 tibi

111 1775 170 1816 lar
202 1776 409 1816 familiaris
437 1777 638 1831 incolitur,
671 1791 771 1831 quae
805 1779 960 1819 facilius
986 1781 1239 1820 territorium
1263 1780 1396 1833 potuit
1420 1778 1490 1819 ha-

57 1850 91 1877 25
111 1836 207 1876 bere
236 1849 354 1889 quam
380 1842 540 1877 terram.
583 1840 771 1890 quocirca
793 1845 993 1880 memento
1014 1841 1191 1880 innoxiis
1211 1839 1492 1892 Transalpinis

209 1968 226 1998 1
255 1974 321 1999 seu
346 1969 430 2000 ante
456 1964 619 2001 sustinet
643 1977 710 2002 om.
732 1967 767 2002 L
786 1969 797 2013 ΙΙ
818 1971 838 2003 8
864 1979 1020 2014 perraro
1048 1968 1194 2006 bibitor
1219 1968 1400 2004 Araricus
1426 1978 1492 2016 eqo

110 2014 276 2057 (perraro
302 2012 432 2047 Araris
458 2014 570 2058 potor
595 2013 865 2061 Luetjohann);
905 2028 1062 2062 perraro
1088 2016 1130 2053 bi
1155 2029 1252 2064 sequ.
1279 2027 1333 2063 sp.
1363 2019 1387 2054 6
1418 2017 1491 2053 litt.

110 2060 167 2103 L;
203 2070 289 2095 raro
321 2059 465 2096 bibitor
502 2061 668 2096 araricus
709 2063 799 2099 VM
804 2064 873 2099 OT
907 2069 940 2101 et
972 2066 1014 2101 in
1044 2078 1117 2102 ras.
1151 2065 1198 2102 N
1203 2066 1216 2086 ²
1246 2067 1312 2110 (13
1345 2065 1416 2103 litt.
1448 2065 1495 2102 in·

111 2109 132 2144 l.
159 2112 193 2145 et
219 2111 304 2162 5.s.·
322 2109 344 2144 l.
371 2111 480 2152 eras.)
523 2108 528 2156 1
569 2109 686 2158 enim]
715 2122 803 2156 ergo
833 2112 864 2148 Ο
891 2115 902 2156 ΙΙ
935 2117 978 2148 11
1005 2113 1083 2149 ista
1109 2125 1151 2150 ec
1178 2113 1275 2149 mihi
1302 2113 1350 2156 L.
1378 2123 1492 2150 aecce

109 2155 187 2192 ista·
211 2155 308 2191 mihl
332 2167 424 2193 corr.
451 2158 494 2192 in
517 2157 613 2193 haec
642 2158 718 2194 ista
743 2159 838 2194 mihi
864 2161 909 2197 N
915 2161 937 2206 ¹,
974 2161 1051 2197 ista
1076 2162 1173 2198 haec
1198 2161 1296 2198 mihi
1321 2161 1379 2207 M,
1416 2160 1492 2197 hoc·

110 2203 188 2240 ista
212 2203 313 2258 mihi
337 2205 373 2250 Ο,
407 2204 500 2240 haec
527 2205 621 2240 mihi
648 2218 734 2242 ecce
765 2207 841 2244 ista
867 2208 976 2254 (haec
1008 2215 1041 2246 et
1072 2210 1169 2246 mihi
1199 2222 1228 2248 s.
1256 2211 1278 2247 l.
1307 2210 1394 2247 add.
1422 2208 1494 2254 T’)

111 2252 147 2289 T
179 2254 193 2298 ΙΙ
231 2255 277 2287 14
302 2251 522 2289 iudicavisti
554 2253 643 2289 LN
647 2255 682 2290 T
710 2259 744 2291 et
778 2259 886 2301 (corr.
914 2258 956 2293 in
987 2257 1170 2294 iudicasti
1195 2259 1247 2295 M
1253 2259 1353 2305 ²)M‚
1391 2257 1493 2294 iudi-

111 2300 210 2336 casti
237 2300 275 2346 0,
301 2299 484 2336 indicasti
507 2301 548 2337 F
565 2304 576 2348 ΙΙ
598 2305 642 2338 18
667 2303 790 2339 turres
819 2304 889 2341 OT
911 2309 945 2341 et
970 2317 995 2342 s.
1019 2307 1039 2342 l.
1063 2308 1150 2344 add.
1172 2307 1218 2343 N
1220 2307 1314 2354 ¹M1‚
1339 2307 1493 2343 ventres

110 2348 253 2385 LNM
290 2349 295 2396 Ι
336 2348 442 2403 aegri
478 2349 725 2387 deambulant
755 2363 821 2388 om.
849 2353 884 2388 L
921 2355 933 2399 Η
972 2357 1015 2389 19
1044 2354 1178 2391 sitiunt
1212 2355 1291 2392 vivi
1325 2366 1394 2392 om.
1421 2354 1457 2390 L
1482 2353 1496 2402 Η

111 2400 156 2434 21
184 2396 361 2434 monach1
386 2397 574 2443 LNVT,
600 2398 740 2436 milites
770 2400 801 2436 O
821 2405 854 2437 et
880 2402 922 2437 in
946 2413 1019 2438 ras.
1041 2403 1103 2438 111¹
1123 2405 1135 2450 Ι]
