1592 2612
147 127 205 170 42
614 123 763 160 LIBER
788 120 1052 159 SECUNDUS.

147 231 254 269 inter
290 226 469 268 rotatiles
508 225 874 278 castastropharum
912 236 1030 277 gyros
1073 221 1400 276 duplicabantur,
1442 219 1523 262 huc

147 291 254 329 inter
286 288 565 328 aleatoriarum
595 299 738 326 vocum
765 286 1071 338 competitiones
1104 283 1295 336 frequens
1322 282 1523 335 crepitan-

148 351 251 390 tium
288 348 519 388 fritillorum
556 352 883 398 tesserarumque
923 346 1115 398 strepitus
1148 342 1405 397 audiebatur3
1443 341 1521 383 huc

148 409 242 450 libri
274 409 421 449 affatim
452 410 494 447 in
526 411 717 460 promptu
749 402 905 462 (videre
938 410 977 445 te
1011 404 1199 445 crederes
1226 408 1295 445 aut
1326 415 1523 457 gramma-

111 481 130 507 5
147 469 287 510 ticales
323 469 479 522 pluteos
518 472 586 508 aut
616 467 810 508 Athenaei
849 478 998 507 cuneos
1032 470 1100 506 aut
1137 465 1310 505 armaria
1341 467 1524 505 extructa

147 524 503 584 bybliopolarum):
548 529 606 568 sic
644 533 796 582 tamen,
835 527 959 581 quod,
998 527 1068 580 qui
1104 527 1212 566 inter
1248 529 1526 566 matronarum

148 590 356 630 cathedras
389 589 548 629 codices
581 593 706 643 erant,
740 587 856 628 stilus
889 588 951 627 his
985 587 1197 640 religiosus
1229 584 1524 640 inveniebatur,

149 651 218 703 qui
249 662 342 690 vero
374 662 447 702 per
479 648 669 690 subsellia
697 647 1042 702 patrumfamilias,
1073 648 1116 688 hi
1149 651 1318 688 coturno
1351 645 1524 687 Latiaris

148 710 298 763 eloquii
336 709 666 764 nobilitabantur3
712 708 806 749 licet
844 712 1054 762 quaepiam
1091 707 1294 748 volumina
1333 719 1524 760 quorum-

93 781 129 808 ιο
147 772 254 824 piam
280 775 488 810 auctorum
515 775 721 810 servarent
746 771 789 810 in
816 771 947 810 causis
974 768 1204 822 disparibus
1230 767 1393 808 dicendi
1417 768 1525 821 pari-

146 831 316 871 litatem:
354 843 445 870 nam
484 830 626 870 similis
665 831 857 871 scientiae
890 831 984 884 viri,
1024 829 1119 870 hinc
1150 829 1398 882 Augustinus
1429 827 1525 868 hinc

146 891 282 946 Varro,
308 892 402 931 hinc
427 890 617 931 Horatius
643 890 738 931 hinc
763 890 1008 931 Prudentius
1034 889 1329 930 lectitabantur.
1361 886 1400 930 5.
1423 900 1525 942 quos

147 953 253 992 inter
289 951 547 991 Adamantius
586 950 782 1003 Origenes
820 951 1019 991 Turranio
1050 950 1196 990 Rufino
1234 951 1525 1003 interpretatus

148 1011 286 1052 sedulo
331 1012 426 1052 fidei
462 1016 623 1051 nostrae
662 1011 881 1051 lectoribus
920 1010 1230 1065 inspiciebatur;
1274 1011 1428 1063 pariter
1472 1014 1525 1064 et,

94 1081 128 1107 15
148 1077 268 1125 prout
312 1071 481 1124 singulis
527 1072 656 1126 cordi,
698 1071 856 1112 diversa
888 1076 1101 1111 censentes
1141 1070 1525 1125 sermocinahamur,

148 1145 220 1172 cur
253 1145 275 1172 a
307 1132 547 1184 quibusdam
578 1136 917 1185 protomystarum
949 1137 1154 1184 tamquam
1186 1143 1352 1172 scaevus
1380 1143 1523 1171 caven-

148 1192 303 1245 dusque
347 1197 540 1232 tractator
583 1192 898 1246 improbaretur,
943 1204 1184 1245 quamquam
1230 1193 1288 1232 sic
1331 1196 1438 1232 esset
1476 1191 1525 1231 ad

147 1252 314 1292 verbum
353 1253 673 1305 sententiamque
711 1252 949 1307 translatus,
986 1257 1031 1293 ut
1068 1265 1143 1293 nec
1175 1251 1367 1305 Apuleius
1399 1251 1523 1292 Phae-

148 1313 294 1352 donem
326 1314 384 1352 sic
415 1312 591 1352 Platonis
624 1325 755 1366 neque
782 1312 935 1353 Tullius
963 1312 1265 1366 Ctesiphontem
1298 1314 1356 1353 sic
1381 1312 1525 1353 Demo-

93 1382 130 1409 20
149 1373 303 1413 sthenis
330 1374 371 1412 in
391 1385 510 1413 usum
530 1372 789 1426 regulamque
809 1372 978 1413 Romani
999 1375 1198 1414 sermonis
1220 1374 1524 1426 exscripserint.

149 1432 187 1474 6.
216 1433 360 1473 studiis
385 1433 495 1473 hisce
523 1433 618 1474 dum
638 1438 821 1474 nostrum
843 1433 991 1486 singuli
1013 1435 1174 1488 quique,
1200 1438 1320 1487 prout
1339 1433 1525 1488 libuerat,

149 1493 459 1547 occupabantur,
485 1506 578 1534 ecce
600 1499 640 1534 et
659 1493 707 1534 ab
729 1494 994 1547 archimagiro
1016 1495 1247 1549 adventans,
1273 1496 1344 1547 qui
1362 1499 1523 1548 tempus

148 1555 299 1594 instare
340 1554 507 1594 curandi
545 1567 712 1607 corpora
749 1560 950 1609 moneret,
989 1568 1109 1608 quem
1142 1555 1305 1609 quidem
1336 1557 1525 1596 nuntium

148 1626 221 1666 per
254 1615 381 1666 spatia
413 1614 643 1667 clepsydrae
675 1615 867 1655 horarum
899 1617 1150 1656 incrementa
1177 1621 1405 1656 servantem
1430 1628 1524 1669 pro-

93 1683 128 1709 25
147 1673 266 1714 habat
304 1679 578 1727 competenter
616 1677 845 1728 ingressum
882 1678 1021 1728 quinta
1059 1676 1301 1729 digrediens.
1351 1676 1524 1730 prande-

147 1733 288 1774 bamus
314 1734 490 1775 breviter
516 1737 690 1789 copiose,
718 1737 964 1776 senatorium
987 1736 1035 1776 ad
1056 1749 1222 1790 morem,
1250 1749 1329 1789 quo
1356 1738 1524 1777 insitum

147 1795 456 1847 institutumque
494 1795 639 1835 multas
685 1795 822 1848 epulas
860 1798 1000 1849 paucis
1037 1796 1320 1850 parabsidibus
1364 1798 1524 1851 apponi,

149 1856 330 1907 quamvis
369 1857 594 1896 convivium
631 1868 705 1908 per
743 1855 874 1896 edulia
910 1869 1019 1896 nunc
1057 1869 1145 1896 assa
1180 1869 1287 1897 nunc
1320 1856 1523 1898 iurulenta

146 1916 334 1955 varietur.
386 1917 491 1955 inter
527 1915 748 1955 hibendum
778 1917 1120 1970 narratiunculae,
1159 1929 1329 1970 quarum
1361 1919 1525 1970 cognitu

93 1985 129 2011 30
147 1974 414 2015 hilararemur
439 1977 757 2030 institueremur,
784 1977 876 2028 quia
903 1989 970 2017 eas
989 1976 1174 2017 bifariam
1195 1977 1345 2017 orditas
1372 1977 1524 2018 laetitia

148 2036 372 2088 peritiaque
406 2035 709 2076 comitabantur.
763 2036 859 2089 quid
891 2035 1046 2077 multa?
1097 2042 1234 2078 sancte
1260 2037 1427 2091 pulchre
1455 2038 1522 2078 ab-

147 2095 347 2136 undanter
385 2096 691 2149 accipiebamur.
758 2095 795 2136 7.
834 2097 927 2137 inde
967 2103 1197 2152 surgentes,
1236 2099 1271 2138 si
1309 2098 1524 2152 Vorocingi

247 2216 265 2246 1
291 2211 365 2247 hac
390 2212 488 2248 idem
505 2213 518 2258 ΙΙ
537 2215 558 2247 3
586 2213 658 2247 hac
684 2213 780 2249 idem
799 2214 811 2258 11
831 2214 852 2247 8
878 2212 936 2260 hi]
962 2212 991 2248 ii
1017 2213 1052 2249 L
1071 2215 1083 2260 {l
1104 2217 1149 2250 15
1176 2213 1525 2251 sermocinabamur

147 2259 247 2306 LM,
275 2259 627 2296 sermocinabantur
646 2261 692 2296 N
696 2260 768 2296 GT
784 2265 795 2305 n
818 2265 860 2296 19
889 2260 942 2296 sic
962 2262 1243 2308 ctesiphontem
1266 2262 1298 2299 Ο
1310 2265 1323 2308 ΙΙ
1342 2267 1388 2299 26
1415 2274 1523 2300 sena-

147 2307 305 2353 torium]
334 2308 524 2344 seniorum
553 2308 694 2356 Ferti9‚
722 2308 908 2345 Saliarem
936 2310 1159 2356 Gustafsso‘n
1190 2313 1202 2357 ΙΙ
1235 2315 1280 2347 27
1306 2311 1522 2357 parabsidi-

147 2355 218 2392 bus
244 2356 383 2402 LVM,
412 2356 678 2403 parapsidibus
707 2357 778 2393 GT
807 2359 818 2403 ΙΙ
857 2362 901 2393 29
931 2358 1143 2395 variaretur
1170 2360 1204 2395 Τ
1238 2361 1251 2406 ss
1288 2362 1334 2394 30
1360 2359 1522 2396 instrue·

147 2415 273 2440 remur
300 2405 335 2440 T
368 2406 380 2452 11
419 2408 462 2440 32
490 2404 687 2452 vorocingi
718 2406 846 2442 LNT
871 2408 978 2451 (corr.
1006 2418 1051 2443 ex
1083 2407 1269 2454 voroangi
1296 2408 1380 2454 1⁷¹),
1413 2419 1521 2446 voro-
