1592 2612
132 105 222 149 194
604 101 759 138 >LIBER
785 99 1021 138 OCTAVUS.

132 206 295 259 quidem
339 209 447 244 terra
489 203 581 243 tabo
620 202 840 243 madefacta
881 201 1069 255 deciduo,
1102 202 1196 253 quia
1227 205 1320 254 post
1350 201 1510 243 facinus

130 267 210 319 ipsi
242 265 416 306 latrones
449 263 497 304 ad
528 265 803 316 pavimentum
837 275 1029 302 conversa
1061 261 1242 302 defuncti
1267 274 1338 303 ora
1361 273 1508 315 prom-

130 330 283 379 verant,
302 330 503 377 tamquam
524 325 733 376 sanguinis
755 335 847 363 eum
874 326 1184 375 superaestuans
1210 321 1345 363 fluxus
1370 323 1509 363 exina-

130 387 269 427 nisset.
333 384 402 424 sed
450 385 635 436 protinus
687 388 801 436 capto
853 384 923 436 qui
972 382 1103 422 fuerat
1146 383 1276 435 ipsius
1320 382 1509 424 factionis

96 458 112 485 5
132 446 258 486 fomes
273 447 455 485 incentor
469 445 756 496 antesignanus
777 444 1005 495 ceterisque
1020 441 1284 496 complicibus
1300 444 1508 496 oppressis

133 517 394 557 seorsumque
439 503 634 544 discussis
681 505 864 543 criminis
915 504 1127 543 veritatem
1178 502 1226 543 de
1271 502 1509 556 pectoribus

131 567 267 605 invitis
311 569 604 605 tormentorum
632 569 783 610 ‚terror
827 564 1009 603 extraxit.
1076 561 1143 603 13.
1189 567 1307 616 atque
1351 564 1509 605 utinam

130 626 237 666 hunc
274 625 395 664 finem
404 656 415 678 7
460 624 556 665 dum
594 623 820 664 inconsulte
858 624 986 663 fidens
1025 636 1126 664 vana
1164 623 1382 678 consultat,
1425 635 1508 664 non

130 686 346 726 meruisset
373 683 576 737 excipere!
627 697 720 724 nam
753 685 924 737 quisque
950 685 1269 736 praesumpserit
1293 683 1510 727 interdicta

76 759 112 786 10
133 749 286 785 secreta
317 746 439 784 vetita
470 746 627 798 rimari,
665 757 809 784 vereor
840 744 1073 784 huiusmodi
1105 757 1127 784 a
1160 743 1378 785 catholicae
1411 744 1507 784 fidei

130 804 280 858 regulis
319 804 636 844 exorbitaturum
680 810 720 844 ct
761 805 869 845 effici
910 805 1094 858 dignum,
1137 806 1180 844 in
1212 809 1360 847 statum
1392 805 1511 846 cuius

130 865 448 918 respondeantur
481 865 663 919 adversa,
702 865 797 904 dum
835 866 1100 917 requiruntur
1143 864 1309 906 inlicita.
1371 869 1510 907 secuta

132 925 294 978 quidem
321 930 382 965 est
407 924 506 966 ultio
534 927 768 979 extinctum,
795 925 866 965 sed
885 927 1013 978 magis
1034 930 1206 978 prosunt
1231 927 1309 967 ista
1326 926 1510 966 victuris.

130 998 223 1028 nam
265 987 450 1037 quotiens
494 984 695 1025 homicida
734 987 921 1039 punitur,
964 998 1047 1026 non
1086 990 1148 1026 est
1178 986 1405 1027 remedium
1436 985 1509 1026 sed

77 1059 111 1086 15
132 1045 323 1085 solacium
354 1045 559 1085 vindicari.
615 1044 681 1086 14.
713 1045 965 1098 longiuscule
991 1058 1054 1086 me
1080 1046 1271 1099 progredi
1297 1058 1410 1087 amor
1434 1047 1509 1087 im-

130 1104 244 1159 pulit,
277 1107 389 1145 cuius
422 1118 612 1158 angorem
645 1106 804 1146 silentio
838 1106 1023 1147 exhalare
1055 1119 1137 1146 non
1168 1106 1285 1146 valui.
1332 1111 1378 1147 tu
1402 1107 1507 1146 inte-

131 1167 220 1219 rim,
253 1167 288 1205 si
320 1165 416 1218 quid
447 1167 539 1206 istic
572 1168 734 1218 cognitu
767 1167 945 1221 dignum,
972 1168 1076 1207 citus
1108 1167 1254 1220 indica,
1287 1166 1421 1207 saltim
1453 1166 1506 1206 oh

129 1225 206 1265 hoc
238 1225 433 1279 scribens,
464 1231 508 1265 ut
540 1227 717 1266 animum
748 1239 884 1267 meum
915 1227 1164 1267 tristitudine
1197 1239 1360 1280 gravem
1385 1225 1506 1267 lectio

129 1285 245 1325 levet.
307 1297 479 1338 namque
517 1287 682 1326 confuso
720 1289 875 1339 pectori
913 1300 1090 1342 maeror,
1128 1293 1169 1328 et
1207 1287 1372 1340 quidem
1403 1288 1510 1341 iure,

75 1361 112 1388 20
130 1345 327 1398 plurimus
360 1350 456 1399 erat,
489 1359 579 1386 cum
610 1349 766 1399 paginis
798 1349 876 1387 ista
902 1349 1198 1388 committerem
1225 1347 1320 1388 sola.
1373 1359 1505 1401 neque

132 1407 240 1446 enim
272 1406 367 1445 satis
398 1406 497 1446 mihi
523 1406 630 1446 aliud
656 1407 731 1448 hoc
756 1413 937 1461 tempore
970 1421 1092 1448 manu
1118 1421 1305 1449 sermone
1339 1407 1509 1449 consilio

133 1465 311 1505 scribere
343 1465 453 1518 loqui
485 1466 642 1507 volvere
675 1467 783 1508 libet.
842 1468 939 1508 vale.

768 1632 866 1676 XII.

373 1712 600 1750 SIDONIUS
626 1715 875 1752 TRYGETIO
904 1716 996 1753 suo
1025 1715 1265 1753 SALUTEM.

226 1799 263 1841 1.
295 1801 517 1842 Tantumne
543 1807 582 1842 te
609 1803 810 1843 Vasatium
837 1806 975 1845 civitas
1002 1818 1083 1845 non
1117 1807 1286 1858 caespiti
1318 1806 1507 1858 imposita

78 1874 113 1902 25
134 1861 204 1902 sed
248 1861 421 1915 pulveri,
458 1867 614 1902 tantum
653 1863 834 1915 Syrticus
879 1877 973 1917 ager
1018 1879 1062 1905 ac
1104 1878 1248 1918 vagum
1294 1864 1424 1905 solum
1469 1867 1513 1906 et

132 1921 312 1961 volatiles
344 1923 474 1962 ventis
507 1922 790 1963 altercantibus
822 1924 994 1965 harenae
1028 1925 1106 1966 sibi
1137 1925 1366 1979 possident,
1397 1930 1442 1966 ut
1467 1930 1507 1966 te

133 1983 289 2034 magnis
315 1981 535 2034 flagitatum
561 1983 761 2037 precibus,
781 1986 914 2036 parvis
942 1991 1171 2038 separatum
1197 1987 1349 2039 spatiis,
1369 1985 1509 2026 multis

134 2046 407 2094 exspectatum
440 2041 580 2082 (liebus
614 2043 822 2084 adtrahere
861 2044 1116 2098 Burdigalam
1154 2058 1236 2087 non
1273 2050 1507 2100 potestateS,

134 2114 215 2142 non
260 2103 477 2155 amicitiae,
520 2115 601 2142 non
639 2105 811 2155 opimata
849 2106 1008 2145 vivariis
1048 2112 1180 2146 ostrea
1219 2103 1396 2159 queant?
1458 2118 1508 2146 an

232 2232 253 2265 8
279 2228 398 2266 fidens
425 2229 683 2275 Wilamowitz,
707 2230 800 2266 fides
826 2232 928 2268 codd.
953 2235 958 2277 1
981 2233 1089 2269 varia
1114 2235 1150 2269 L
1168 2236 1180 2281 ΙΙ
1201 2237 1246 2269 10
1265 2238 1352 2281 post
1375 2233 1508 2269 huius-

134 2276 239 2314 modi
264 2278 350 2314 add.
376 2276 569 2312 hominem
589 2279 838 2323 Luetjohann,
863 2281 1007 2325 frustra
1026 2283 1037 2326 ΙΙ
1058 2286 1102 2317 11
1130 2281 1236 2317 cuius
1263 2293 1355 2319 corr.
1376 2282 1420 2318 in
1446 2280 1509 2317 cui

137 2326 182 2363 0²
200 2328 212 2372 ΙΙ
234 2329 276 2361 12
303 2325 546 2370 requirunt-ur
572 2326 705 2372 LNT,
732 2327 974 2371 requirantur
999 2330 1050 2364 M
1054 2331 1084 2366 Ο
1104 2331 1116 2376 ΙΙ
1144 2334 1189 2366 16
1216 2330 1396 2366 exhalare
1421 2329 1507 2373 LO,

136 2385 181 2410 ex
200 2385 295 2411 *ῆι*
314 2373 444 2410 halare
479 2376 518 2419 (3
546 2374 614 2411 litt.
641 2386 732 2411 eras.
754 2375 901 2422 M¹)M‚
935 2377 1129 2414 extorbale
1157 2379 1192 2414 Τ
1219 2380 1231 2426 11
1262 2382 1309 2415 29
1336 2377 1510 2414 amicitia
