<?xml version="1.0" encoding="UTF-8"?>
<!DOCTYPE html PUBLIC "-//W3C//DTD XHTML 1.0 Transitional//EN"
    "http://www.w3.org/TR/xhtml1/DTD/xhtml1-transitional.dtd">
<html xmlns="http://www.w3.org/1999/xhtml" xml:lang="en" lang="en">
 <head>
  <title>
</title>
<meta http-equiv="Content-Type" content="text/html;charset=utf-8" />
  <meta name='ocr-system' content='tesseract 3.04.00' />
  <meta name='ocr-capabilities' content='ocr_page ocr_carea ocr_par ocr_line ocrx_word'/>
</head>
<body>
  <div class='ocr_page' id='page_1' title='image "./csolliusapollina00sidouoft_0168.png"; bbox 0 0 1592 2612; ppageno 0'>
   <div class='ocr_carea' id='block_1_1' title="bbox 130 105 1014 155">
    <p class='ocr_par' dir='ltr' id='par_1_1' title="bbox 130 105 1014 155">
     <span class='ocr_line' id='line_1_1' title="bbox 130 105 1014 155; baseline 0 -13"><span class='ocrx_word' id='word_1_1' title='bbox 130 112 215 155; x_wconf 80' lang='lat'>116</span> <span class='ocrx_word' id='word_1_2' title='bbox 615 106 762 143; x_wconf 85' lang='lat' dir='ltr'>LIBER</span> <span class='ocrx_word' id='word_1_3' title='bbox 787 105 1014 151; x_wconf 83' lang='lat' dir='ltr'><strong>QUINTUS.</strong></span> 
     </span>
    </p>
   </div>
   <div class='ocr_carea' id='block_1_2' title="bbox 73 205 1511 1156">
    <p class='ocr_par' dir='ltr' id='par_1_2' title="bbox 126 205 1510 447">
     <span class='ocr_line' id='line_1_2' title="bbox 126 205 1508 264; baseline -0.005 -11"><span class='ocrx_word' id='word_1_4' title='bbox 126 213 201 254; x_wconf 92' lang='lat' dir='ltr'>tibi</span> <span class='ocrx_word' id='word_1_5' title='bbox 245 212 468 252; x_wconf 84' lang='lat' dir='ltr'>devinctior</span> <span class='ocrx_word' id='word_1_6' title='bbox 507 210 666 264; x_wconf 87' lang='lat' dir='ltr'>fierem,</span> <span class='ocrx_word' id='word_1_7' title='bbox 710 208 901 261; x_wconf 84' lang='lat' dir='ltr'>iudicavi3</span> <span class='ocrx_word' id='word_1_8' title='bbox 946 211 1010 247; x_wconf 88' lang='lat' dir='ltr'>est</span> <span class='ocrx_word' id='word_1_9' title='bbox 1050 207 1160 246; x_wconf 91' lang='lat' dir='ltr'>enim</span> <span class='ocrx_word' id='word_1_10' title='bbox 1201 205 1508 247; x_wconf 80' lang='lat' dir='ltr'><strong>consuetudinis</strong></span> 
     </span>
     <span class='ocr_line' id='line_1_3' title="bbox 127 262 1508 327; baseline -0.005 -13"><span class='ocrx_word' id='word_1_11' title='bbox 127 285 258 327; x_wconf 90' lang='lat' dir='ltr'>meae,</span> <span class='ocrx_word' id='word_1_12' title='bbox 302 277 346 312; x_wconf 91' lang='lat' dir='ltr'>ut</span> <span class='ocrx_word' id='word_1_13' title='bbox 378 271 521 324; x_wconf 83' lang='lat' dir='ltr'>eligam</span> <span class='ocrx_word' id='word_1_14' title='bbox 553 274 663 323; x_wconf 88' lang='lat' dir='ltr'>ante,</span> <span class='ocrx_word' id='word_1_15' title='bbox 707 273 799 322; x_wconf 89' lang='lat' dir='ltr'>post</span> <span class='ocrx_word' id='word_1_16' title='bbox 831 267 1006 320; x_wconf 86' lang='lat' dir='ltr'><strong>diligam.</strong></span> <span class='ocrx_word' id='word_1_17' title='bbox 1070 262 1315 321; x_wconf 75' lang='lat' dir='ltr'>‘quaenam&#39;,</span> <span class='ocrx_word' id='word_1_18' title='bbox 1358 267 1508 320; x_wconf 84' lang='lat' dir='ltr'>inquiS,</span> 
     </span>
     <span class='ocr_line' id='line_1_4' title="bbox 127 325 1510 384; baseline -0.004 -10"><span class='ocrx_word' id='word_1_19' title='bbox 127 331 187 374; x_wconf 76' lang='lat' dir='ltr'>‘in</span> <span class='ocrx_word' id='word_1_20' title='bbox 230 345 294 373; x_wconf 92' lang='lat' dir='ltr'>me</span> <span class='ocrx_word' id='word_1_21' title='bbox 338 331 412 372; x_wconf 90' lang='lat' dir='ltr'>tibi</span> <span class='ocrx_word' id='word_1_22' title='bbox 454 329 659 384; x_wconf 89' lang='lat' dir='ltr'>probanda</span> <span class='ocrx_word' id='word_1_23' title='bbox 702 325 936 382; x_wconf 73' lang='lat' dir='ltr'>placuereP&#39;</span> <span class='ocrx_word' id='word_1_24' title='bbox 999 325 1039 368; x_wconf 80' lang='lat'>2.</span> <span class='ocrx_word' id='word_1_25' title='bbox 1073 326 1204 367; x_wconf 90' lang='lat' dir='ltr'>dicam</span> <span class='ocrx_word' id='word_1_26' title='bbox 1249 325 1425 368; x_wconf 83' lang='lat' dir='ltr'>libenter</span> <span class='ocrx_word' id='word_1_27' title='bbox 1468 331 1510 368; x_wconf 89' lang='lat' dir='ltr'>et</span> 
     </span>
     <span class='ocr_line' id='line_1_5' title="bbox 127 386 1509 447; baseline -0.004 -13"><span class='ocrx_word' id='word_1_28' title='bbox 127 394 316 447; x_wconf 87' lang='lat' dir='ltr'>breviter,</span> <span class='ocrx_word' id='word_1_29' title='bbox 354 403 525 445; x_wconf 90' lang='lat' dir='ltr'>quorum</span> <span class='ocrx_word' id='word_1_30' title='bbox 562 403 688 431; x_wconf 89' lang='lat' dir='ltr'>unum</span> <span class='ocrx_word' id='word_1_31' title='bbox 727 390 817 429; x_wconf 88' lang='lat' dir='ltr'>fieri</span> <span class='ocrx_word' id='word_1_32' title='bbox 856 389 1002 442; x_wconf 86' lang='lat' dir='ltr'>gratia,</span> <span class='ocrx_word' id='word_1_33' title='bbox 1039 386 1212 428; x_wconf 88' lang='lat' dir='ltr'>alterum</span> <span class='ocrx_word' id='word_1_34' title='bbox 1244 387 1382 428; x_wconf 91' lang='lat' dir='ltr'>charta</span> <span class='ocrx_word' id='word_1_35' title='bbox 1413 399 1509 428; x_wconf 91' lang='lat' dir='ltr'>con-</span> 
     </span>
    </p>

    <p class='ocr_par' dir='ltr' id='par_1_3' title="bbox 91 447 1511 747">
     <span class='ocr_line' id='line_1_6' title="bbox 91 447 1509 507; baseline -0.003 -15"><span class='ocrx_word' id='word_1_36' title='bbox 91 465 109 492; x_wconf 86' lang='lat'>5</span> <span class='ocrx_word' id='word_1_37' title='bbox 127 453 251 507; x_wconf 90' lang='lat' dir='ltr'>pellit.</span> <span class='ocrx_word' id='word_1_38' title='bbox 313 463 483 492; x_wconf 84' lang='lat' dir='ltr'>veneror</span> <span class='ocrx_word' id='word_1_39' title='bbox 515 453 557 490; x_wconf 93' lang='lat' dir='ltr'>in</span> <span class='ocrx_word' id='word_1_40' title='bbox 589 449 815 491; x_wconf 83' lang='lat' dir='ltr'>actionibus</span> <span class='ocrx_word' id='word_1_41' title='bbox 847 450 947 502; x_wconf 85' lang='lat' dir='ltr'>tuis,</span> <span class='ocrx_word' id='word_1_42' title='bbox 987 447 1093 501; x_wconf 90' lang='lat' dir='ltr'>quod</span> <span class='ocrx_word' id='word_1_43' title='bbox 1125 447 1252 488; x_wconf 88' lang='lat' dir='ltr'>multa</span> <span class='ocrx_word' id='word_1_44' title='bbox 1283 447 1391 488; x_wconf 91' lang='lat' dir='ltr'>bono</span> <span class='ocrx_word' id='word_1_45' title='bbox 1423 449 1509 489; x_wconf 92' lang='lat' dir='ltr'>cui-</span> 
     </span>
     <span class='ocr_line' id='line_1_7' title="bbox 127 508 1507 567; baseline -0.004 -14"><span class='ocrx_word' id='word_1_46' title='bbox 127 527 204 567; x_wconf 90' lang='lat' dir='ltr'>que</span> <span class='ocrx_word' id='word_1_47' title='bbox 230 511 439 553; x_wconf 82' lang='lat' dir='ltr'>imitabilia</span> <span class='ocrx_word' id='word_1_48' title='bbox 471 513 591 564; x_wconf 88' lang='lat' dir='ltr'>geris.</span> <span class='ocrx_word' id='word_1_49' title='bbox 655 510 753 551; x_wconf 92' lang='lat' dir='ltr'>colis</span> <span class='ocrx_word' id='word_1_50' title='bbox 786 514 831 550; x_wconf 88' lang='lat' dir='ltr'>ut</span> <span class='ocrx_word' id='word_1_51' title='bbox 869 511 939 562; x_wconf 87' lang='lat' dir='ltr'>qui</span> <span class='ocrx_word' id='word_1_52' title='bbox 978 508 1279 563; x_wconf 83' lang='lat' dir='ltr'>sollertissime,</span> <span class='ocrx_word' id='word_1_53' title='bbox 1318 508 1507 549; x_wconf 89' lang='lat' dir='ltr'>aedificas</span> 
     </span>
     <span class='ocr_line' id='line_1_8' title="bbox 126 569 1509 627; baseline -0.004 -13"><span class='ocrx_word' id='word_1_54' title='bbox 126 579 171 615; x_wconf 91' lang='lat' dir='ltr'>ut</span> <span class='ocrx_word' id='word_1_55' title='bbox 202 575 271 627; x_wconf 89' lang='lat' dir='ltr'>qui</span> <span class='ocrx_word' id='word_1_56' title='bbox 302 573 626 626; x_wconf 79' lang='lat' dir='ltr'>dispositissime,</span> <span class='ocrx_word' id='word_1_57' title='bbox 663 572 822 611; x_wconf 89' lang='lat' dir='ltr'>venaris</span> <span class='ocrx_word' id='word_1_58' title='bbox 856 575 901 611; x_wconf 88' lang='lat' dir='ltr'>ut</span> <span class='ocrx_word' id='word_1_59' title='bbox 933 571 1003 622; x_wconf 90' lang='lat' dir='ltr'>qui</span> <span class='ocrx_word' id='word_1_60' title='bbox 1035 569 1335 624; x_wconf 88' lang='lat' dir='ltr'>efficacissime,</span> <span class='ocrx_word' id='word_1_61' title='bbox 1374 570 1509 622; x_wconf 90' lang='lat' dir='ltr'>pascis</span> 
     </span>
     <span class='ocr_line' id='line_1_9' title="bbox 125 629 1508 687; baseline -0.004 -13"><span class='ocrx_word' id='word_1_62' title='bbox 125 639 170 675; x_wconf 90' lang='lat' dir='ltr'>ut</span> <span class='ocrx_word' id='word_1_63' title='bbox 202 635 272 687; x_wconf 91' lang='lat' dir='ltr'>qui</span> <span class='ocrx_word' id='word_1_64' title='bbox 304 634 572 686; x_wconf 86' lang='lat' dir='ltr'>exactissime,</span> <span class='ocrx_word' id='word_1_65' title='bbox 609 633 755 672; x_wconf 90' lang='lat' dir='ltr'>iocaris</span> <span class='ocrx_word' id='word_1_66' title='bbox 787 636 833 671; x_wconf 88' lang='lat' dir='ltr'>ut</span> <span class='ocrx_word' id='word_1_67' title='bbox 865 632 935 683; x_wconf 89' lang='lat' dir='ltr'>qui</span> <span class='ocrx_word' id='word_1_68' title='bbox 967 630 1233 684; x_wconf 84' lang='lat' dir='ltr'>facetissime,</span> <span class='ocrx_word' id='word_1_69' title='bbox 1274 629 1430 670; x_wconf 92' lang='lat' dir='ltr'>iudicas</span> <span class='ocrx_word' id='word_1_70' title='bbox 1461 635 1508 670; x_wconf 88' lang='lat' dir='ltr'>ut</span> 
     </span>
     <span class='ocr_line' id='line_1_10' title="bbox 127 691 1511 747; baseline -0.003 -13"><span class='ocrx_word' id='word_1_71' title='bbox 127 696 196 747; x_wconf 88' lang='lat' dir='ltr'>qui</span> <span class='ocrx_word' id='word_1_72' title='bbox 221 694 475 747; x_wconf 83' lang='lat' dir='ltr'>aequissime,</span> <span class='ocrx_word' id='word_1_73' title='bbox 507 692 652 732; x_wconf 87' lang='lat' dir='ltr'>suades</span> <span class='ocrx_word' id='word_1_74' title='bbox 679 697 724 732; x_wconf 88' lang='lat' dir='ltr'>ut</span> <span class='ocrx_word' id='word_1_75' title='bbox 750 692 819 744; x_wconf 91' lang='lat' dir='ltr'>qui</span> <span class='ocrx_word' id='word_1_76' title='bbox 850 692 1139 745; x_wconf 84' lang='lat' dir='ltr'>sincerissime,</span> <span class='ocrx_word' id='word_1_77' title='bbox 1172 691 1439 731; x_wconf 86' lang='lat' dir='ltr'>commoveris</span> <span class='ocrx_word' id='word_1_78' title='bbox 1465 696 1511 731; x_wconf 86' lang='lat' dir='ltr'>ut</span> 
     </span>
    </p>

    <p class='ocr_par' dir='ltr' id='par_1_4' title="bbox 73 750 1511 1049">
     <span class='ocr_line' id='line_1_11' title="bbox 73 750 1508 807; baseline -0.001 -15"><span class='ocrx_word' id='word_1_79' title='bbox 73 767 107 793; x_wconf 80' lang='grc' dir='ltr'>ιο</span> <span class='ocrx_word' id='word_1_80' title='bbox 127 756 197 807; x_wconf 91' lang='lat' dir='ltr'>qui</span> <span class='ocrx_word' id='word_1_81' title='bbox 227 754 468 806; x_wconf 88' lang='lat' dir='ltr'>tardissime,</span> <span class='ocrx_word' id='word_1_82' title='bbox 499 752 671 806; x_wconf 88' lang='lat' dir='ltr'>placaris</span> <span class='ocrx_word' id='word_1_83' title='bbox 702 757 748 792; x_wconf 88' lang='lat' dir='ltr'>ut</span> <span class='ocrx_word' id='word_1_84' title='bbox 780 753 850 804; x_wconf 93' lang='lat' dir='ltr'>qui</span> <span class='ocrx_word' id='word_1_85' title='bbox 882 751 1107 805; x_wconf 83' lang='lat' dir='ltr'>celerrime,</span> <span class='ocrx_word' id='word_1_86' title='bbox 1142 750 1328 803; x_wconf 87' lang='lat' dir='ltr'>redamas</span> <span class='ocrx_word' id='word_1_87' title='bbox 1360 756 1407 792; x_wconf 89' lang='lat' dir='ltr'>ut</span> <span class='ocrx_word' id='word_1_88' title='bbox 1438 752 1508 804; x_wconf 89' lang='lat' dir='ltr'>qui</span> 
     </span>
     <span class='ocr_line' id='line_1_12' title="bbox 126 810 1508 865; baseline -0.001 -11"><span class='ocrx_word' id='word_1_89' title='bbox 126 814 369 855; x_wconf 88' lang='lat' dir='ltr'>fidelissime.</span> <span class='ocrx_word' id='word_1_90' title='bbox 433 811 471 854; x_wconf 87' lang='lat'>3.</span> <span class='ocrx_word' id='word_1_91' title='bbox 503 813 602 854; x_wconf 89' lang='lat' dir='ltr'>haec</span> <span class='ocrx_word' id='word_1_92' title='bbox 641 814 774 853; x_wconf 89' lang='lat' dir='ltr'>omnia</span> <span class='ocrx_word' id='word_1_93' title='bbox 812 811 994 865; x_wconf 89' lang='lat' dir='ltr'>exempla</span> <span class='ocrx_word' id='word_1_94' title='bbox 1026 812 1187 852; x_wconf 88' lang='lat' dir='ltr'>vivendi</span> <span class='ocrx_word' id='word_1_95' title='bbox 1219 812 1299 852; x_wconf 86' lang='lat' dir='ltr'>iam</span> <span class='ocrx_word' id='word_1_96' title='bbox 1330 811 1426 852; x_wconf 89' lang='lat' dir='ltr'>hinc</span> <span class='ocrx_word' id='word_1_97' title='bbox 1458 810 1508 852; x_wconf 88' lang='lat' dir='ltr'>ab</span> 
     </span>
     <span class='ocr_line' id='line_1_13' title="bbox 126 872 1508 927; baseline -0.002 -12"><span class='ocrx_word' id='word_1_98' title='bbox 126 876 240 915; x_wconf 90' lang='lat' dir='ltr'>annis</span> <span class='ocrx_word' id='word_1_99' title='bbox 283 873 504 927; x_wconf 88' lang='lat' dir='ltr'>puberibus</span> <span class='ocrx_word' id='word_1_100' title='bbox 554 886 669 914; x_wconf 93' lang='lat' dir='ltr'>meus</span> <span class='ocrx_word' id='word_1_101' title='bbox 712 872 955 926; x_wconf 89' lang='lat' dir='ltr'>Apollinaris</span> <span class='ocrx_word' id='word_1_102' title='bbox 1001 874 1037 913; x_wconf 89' lang='lat' dir='ltr'>si</span> <span class='ocrx_word' id='word_1_103' title='bbox 1083 874 1285 927; x_wconf 86' lang='lat' dir='ltr'>sequitur,</span> <span class='ocrx_word' id='word_1_104' title='bbox 1336 872 1508 926; x_wconf 80' lang='lat' dir='ltr'>gaudeo3</span> 
     </span>
     <span class='ocr_line' id='line_1_14' title="bbox 126 932 1511 988; baseline -0.002 -13"><span class='ocrx_word' id='word_1_105' title='bbox 126 941 234 976; x_wconf 88' lang='lat' dir='ltr'>certe</span> <span class='ocrx_word' id='word_1_106' title='bbox 266 940 311 975; x_wconf 87' lang='lat' dir='ltr'>ut</span> <span class='ocrx_word' id='word_1_107' title='bbox 343 939 547 988; x_wconf 87' lang='lat' dir='ltr'>sequatur,</span> <span class='ocrx_word' id='word_1_108' title='bbox 579 934 785 974; x_wconf 89' lang='lat' dir='ltr'>admoneo.</span> <span class='ocrx_word' id='word_1_109' title='bbox 843 935 885 973; x_wconf 91' lang='lat' dir='ltr'>in</span> <span class='ocrx_word' id='word_1_110' title='bbox 919 945 998 986; x_wconf 87' lang='lat' dir='ltr'>quo</span> <span class='ocrx_word' id='word_1_111' title='bbox 1031 932 1213 973; x_wconf 91' lang='lat' dir='ltr'>docendo</span> <span class='ocrx_word' id='word_1_112' title='bbox 1239 932 1511 974; x_wconf 90' lang='lat' dir='ltr'>instituendo-</span> 
     </span>
     <span class='ocr_line' id='line_1_15' title="bbox 127 993 1511 1049; baseline -0.001 -14"><span class='ocrx_word' id='word_1_113' title='bbox 127 1008 217 1049; x_wconf 86' lang='lat' dir='ltr'>que,</span> <span class='ocrx_word' id='word_1_114' title='bbox 248 995 365 1035; x_wconf 89' lang='lat' dir='ltr'>modo</span> <span class='ocrx_word' id='word_1_115' title='bbox 399 994 473 1035; x_wconf 90' lang='lat' dir='ltr'>sub</span> <span class='ocrx_word' id='word_1_116' title='bbox 508 1007 581 1047; x_wconf 91' lang='lat' dir='ltr'>ope</span> <span class='ocrx_word' id='word_1_117' title='bbox 612 995 764 1035; x_wconf 87' lang='lat' dir='ltr'>Christi</span> <span class='ocrx_word' id='word_1_118' title='bbox 796 994 993 1047; x_wconf 89' lang='lat' dir='ltr'>disposita</span> <span class='ocrx_word' id='word_1_119' title='bbox 1027 993 1258 1048; x_wconf 90' lang='lat' dir='ltr'>succedant,</span> <span class='ocrx_word' id='word_1_120' title='bbox 1289 993 1511 1047; x_wconf 89' lang='lat' dir='ltr'>plurimum</span> 
     </span>
    </p>

    <p class='ocr_par' dir='ltr' id='par_1_5' title="bbox 74 1053 1511 1156">
     <span class='ocr_line' id='line_1_16' title="bbox 74 1053 1511 1096; baseline 0.001 -3"><span class='ocrx_word' id='word_1_121' title='bbox 74 1067 109 1093; x_wconf 87' lang='lat'>15</span> <span class='ocrx_word' id='word_1_122' title='bbox 129 1056 254 1096; x_wconf 86' lang='lat' dir='ltr'>laetor</span> <span class='ocrx_word' id='word_1_123' title='bbox 285 1057 500 1095; x_wconf 86' lang='lat' dir='ltr'>maximam</span> <span class='ocrx_word' id='word_1_124' title='bbox 532 1068 595 1095; x_wconf 91' lang='lat' dir='ltr'>me</span> <span class='ocrx_word' id='word_1_125' title='bbox 629 1054 843 1095; x_wconf 88' lang='lat' dir='ltr'>formulam</span> <span class='ocrx_word' id='word_1_126' title='bbox 876 1056 979 1095; x_wconf 91' lang='lat' dir='ltr'>vitae</span> <span class='ocrx_word' id='word_1_127' title='bbox 1013 1054 1061 1094; x_wconf 91' lang='lat' dir='ltr'>de</span> <span class='ocrx_word' id='word_1_128' title='bbox 1095 1053 1277 1095; x_wconf 90' lang='lat' dir='ltr'>moribus</span> <span class='ocrx_word' id='word_1_129' title='bbox 1309 1055 1391 1095; x_wconf 89' lang='lat' dir='ltr'>tuis</span> <span class='ocrx_word' id='word_1_130' title='bbox 1423 1067 1511 1095; x_wconf 92' lang='lat' dir='ltr'>mu-</span> 
     </span>
     <span class='ocr_line' id='line_1_17' title="bbox 128 1115 502 1156; baseline -0.003 0"><span class='ocrx_word' id='word_1_131' title='bbox 128 1121 345 1156; x_wconf 86' lang='lat' dir='ltr'>tuaturum.</span> <span class='ocrx_word' id='word_1_132' title='bbox 405 1115 502 1156; x_wconf 83' lang='lat' dir='ltr'>vale.</span> 
     </span>
    </p>
   </div>
   <div class='ocr_carea' id='block_1_3' title="bbox 377 1257 1261 1378">
    <p class='ocr_par' dir='ltr' id='par_1_6' title="bbox 377 1257 1261 1378">
     <span class='ocr_line' id='line_1_18' title="bbox 768 1257 866 1302; baseline 0.01 -1"><span class='ocrx_word' id='word_1_133' title='bbox 768 1257 866 1302; x_wconf 90' lang='lat' dir='ltr'>XII.</span> 
     </span>
     <span class='ocr_line' id='line_1_19' title="bbox 377 1339 1261 1378; baseline 0 -2"><span class='ocrx_word' id='word_1_134' title='bbox 377 1340 603 1377; x_wconf 73' lang='lat' dir='ltr'>SIDONIUS</span> <span class='ocrx_word' id='word_1_135' title='bbox 630 1341 869 1378; x_wconf 83' lang='lat' dir='ltr'><strong>CALMINIO</strong></span> <span class='ocrx_word' id='word_1_136' title='bbox 897 1340 990 1377; x_wconf 83' lang='lat' dir='ltr'>on</span> <span class='ocrx_word' id='word_1_137' title='bbox 1018 1339 1261 1377; x_wconf 78' lang='lat' dir='ltr'><strong>SALUTEM.</strong></span> 
     </span>
    </p>
   </div>
   <div class='ocr_carea' id='block_1_4' title="bbox 76 1417 1515 2320">
    <p class='ocr_par' dir='ltr' id='par_1_7' title="bbox 76 1417 1515 2320">
     <span class='ocr_line' id='line_1_20' title="bbox 227 1417 1514 1472; baseline -0.001 -14"><span class='ocrx_word' id='word_1_138' title='bbox 227 1417 263 1458; x_wconf 90' lang='lat'>1.</span> <span class='ocrx_word' id='word_1_139' title='bbox 297 1417 408 1465; x_wconf 88' lang='lat' dir='ltr'>Quod</span> <span class='ocrx_word' id='word_1_140' title='bbox 437 1420 568 1458; x_wconf 89' lang='lat' dir='ltr'>rarius</span> <span class='ocrx_word' id='word_1_141' title='bbox 596 1418 644 1458; x_wconf 90' lang='lat' dir='ltr'>ad</span> <span class='ocrx_word' id='word_1_142' title='bbox 670 1430 740 1458; x_wconf 90' lang='lat' dir='ltr'>vos</span> <span class='ocrx_word' id='word_1_143' title='bbox 767 1431 788 1458; x_wconf 92' lang='lat' dir='ltr'>a</span> <span class='ocrx_word' id='word_1_144' title='bbox 814 1418 932 1459; x_wconf 89' lang='lat' dir='ltr'>nobis</span> <span class='ocrx_word' id='word_1_145' title='bbox 957 1419 1103 1471; x_wconf 88' lang='lat' dir='ltr'>pagina</span> <span class='ocrx_word' id='word_1_146' title='bbox 1122 1422 1241 1472; x_wconf 90' lang='lat' dir='ltr'>meat,</span> <span class='ocrx_word' id='word_1_147' title='bbox 1267 1429 1349 1457; x_wconf 89' lang='lat' dir='ltr'>non</span> <span class='ocrx_word' id='word_1_148' title='bbox 1374 1422 1514 1458; x_wconf 86' lang='lat' dir='ltr'>nostra</span> 
     </span>
     <span class='ocr_line' id='line_1_21' title="bbox 133 1478 1513 1531; baseline 0 -13"><span class='ocrx_word' id='word_1_149' title='bbox 133 1478 320 1531; x_wconf 88' lang='lat' dir='ltr'>superbia</span> <span class='ocrx_word' id='word_1_150' title='bbox 366 1478 436 1518; x_wconf 87' lang='lat' dir='ltr'>sed</span> <span class='ocrx_word' id='word_1_151' title='bbox 480 1478 609 1518; x_wconf 90' lang='lat' dir='ltr'>aliena</span> <span class='ocrx_word' id='word_1_152' title='bbox 652 1480 889 1531; x_wconf 84' lang='lat' dir='ltr'>impotentia</span> <span class='ocrx_word' id='word_1_153' title='bbox 930 1479 1036 1519; x_wconf 86' lang='lat' dir='ltr'>facit.</span> <span class='ocrx_word' id='word_1_154' title='bbox 1105 1490 1238 1531; x_wconf 90' lang='lat' dir='ltr'>neque</span> <span class='ocrx_word' id='word_1_155' title='bbox 1283 1490 1406 1531; x_wconf 89' lang='lat' dir='ltr'>super</span> <span class='ocrx_word' id='word_1_156' title='bbox 1447 1478 1513 1518; x_wconf 92' lang='lat' dir='ltr'>his</span> 
     </span>
     <span class='ocr_line' id='line_1_22' title="bbox 76 1538 1513 1594; baseline 0.002 -19"><span class='ocrx_word' id='word_1_157' title='bbox 76 1549 112 1575; x_wconf 84' lang='lat'>20</span> <span class='ocrx_word' id='word_1_158' title='bbox 134 1540 349 1591; x_wconf 91' lang='lat' dir='ltr'>quicquam</span> <span class='ocrx_word' id='word_1_159' title='bbox 379 1538 537 1591; x_wconf 88' lang='lat' dir='ltr'>planius</span> <span class='ocrx_word' id='word_1_160' title='bbox 571 1552 754 1594; x_wconf 90' lang='lat' dir='ltr'>quaeras,</span> <span class='ocrx_word' id='word_1_161' title='bbox 792 1541 941 1593; x_wconf 88' lang='lat' dir='ltr'>quippe</span> <span class='ocrx_word' id='word_1_162' title='bbox 974 1552 1067 1580; x_wconf 91' lang='lat' dir='ltr'>cum</span> <span class='ocrx_word' id='word_1_163' title='bbox 1100 1539 1252 1579; x_wconf 90' lang='lat' dir='ltr'>silentii</span> <span class='ocrx_word' id='word_1_164' title='bbox 1288 1538 1410 1579; x_wconf 91' lang='lat' dir='ltr'>huius</span> <span class='ocrx_word' id='word_1_165' title='bbox 1442 1551 1513 1579; x_wconf 91' lang='lat' dir='ltr'>ne-</span> 
     </span>
     <span class='ocr_line' id='line_1_23' title="bbox 131 1598 1513 1653; baseline 0.001 -15"><span class='ocrx_word' id='word_1_166' title='bbox 131 1600 360 1639; x_wconf 90' lang='lat' dir='ltr'>cessitatem</span> <span class='ocrx_word' id='word_1_167' title='bbox 393 1612 466 1652; x_wconf 90' lang='lat' dir='ltr'>par</span> <span class='ocrx_word' id='word_1_168' title='bbox 497 1599 603 1652; x_wconf 90' lang='lat' dir='ltr'>apud</span> <span class='ocrx_word' id='word_1_169' title='bbox 635 1612 706 1640; x_wconf 89' lang='lat' dir='ltr'>vos</span> <span class='ocrx_word' id='word_1_170' title='bbox 739 1605 870 1640; x_wconf 89' lang='lat' dir='ltr'>metus</span> <span class='ocrx_word' id='word_1_171' title='bbox 903 1602 1206 1653; x_wconf 86' lang='lat' dir='ltr'>interpretetur.</span> <span class='ocrx_word' id='word_1_172' title='bbox 1269 1599 1347 1639; x_wconf 93' lang='lat' dir='ltr'>hoc</span> <span class='ocrx_word' id='word_1_173' title='bbox 1379 1598 1513 1639; x_wconf 88' lang='lat' dir='ltr'>solum</span> 
     </span>
     <span class='ocr_line' id='line_1_24' title="bbox 130 1659 1512 1713; baseline 0.001 -15"><span class='ocrx_word' id='word_1_174' title='bbox 130 1664 265 1699; x_wconf 89' lang='lat' dir='ltr'>tamen</span> <span class='ocrx_word' id='word_1_175' title='bbox 309 1659 435 1699; x_wconf 90' lang='lat' dir='ltr'>libere</span> <span class='ocrx_word' id='word_1_176' title='bbox 480 1672 614 1713; x_wconf 92' lang='lat' dir='ltr'>gemo,</span> <span class='ocrx_word' id='word_1_177' title='bbox 660 1660 765 1713; x_wconf 91' lang='lat' dir='ltr'>quod</span> <span class='ocrx_word' id='word_1_178' title='bbox 803 1660 966 1701; x_wconf 87' lang='lat' dir='ltr'>turbine</span> <span class='ocrx_word' id='word_1_179' title='bbox 1011 1660 1296 1701; x_wconf 91' lang='lat' dir='ltr'>dissidentium</span> <span class='ocrx_word' id='word_1_180' title='bbox 1337 1661 1512 1713; x_wconf 88' lang='lat' dir='ltr'>partium</span> 
     </span>
     <span class='ocr_line' id='line_1_25' title="bbox 133 1720 1512 1774; baseline 0.001 -15"><span class='ocrx_word' id='word_1_181' title='bbox 133 1731 318 1772; x_wconf 83' lang='lat' dir='ltr'>segreges</span> <span class='ocrx_word' id='word_1_182' title='bbox 370 1720 464 1759; x_wconf 88' lang='lat' dir='ltr'>facti</span> <span class='ocrx_word' id='word_1_183' title='bbox 514 1725 653 1760; x_wconf 89' lang='lat' dir='ltr'>mutuo</span> <span class='ocrx_word' id='word_1_184' title='bbox 699 1722 865 1761; x_wconf 89' lang='lat' dir='ltr'>minime</span> <span class='ocrx_word' id='word_1_185' title='bbox 910 1722 1084 1762; x_wconf 89' lang='lat' dir='ltr'>fruimur</span> <span class='ocrx_word' id='word_1_186' title='bbox 1128 1725 1305 1774; x_wconf 80' lang='lat' dir='ltr'>aspectu,</span> <span class='ocrx_word' id='word_1_187' title='bbox 1379 1732 1512 1773; x_wconf 89' lang='lat' dir='ltr'>neque</span> 
     </span>
     <span class='ocr_line' id='line_1_26' title="bbox 132 1780 1514 1836; baseline 0.001 -17"><span class='ocrx_word' id='word_1_188' title='bbox 132 1792 322 1832; x_wconf 91' lang='lat' dir='ltr'>umquam</span> <span class='ocrx_word' id='word_1_189' title='bbox 354 1781 506 1832; x_wconf 87' lang='lat' dir='ltr'>patriae</span> <span class='ocrx_word' id='word_1_190' title='bbox 547 1780 730 1820; x_wconf 86' lang='lat' dir='ltr'>sollicitis</span> <span class='ocrx_word' id='word_1_191' title='bbox 763 1782 922 1821; x_wconf 83' lang='lat' dir='ltr'>offerris</span> <span class='ocrx_word' id='word_1_192' title='bbox 962 1781 1188 1836; x_wconf 82' lang='lat' dir='ltr'>obtutibus,</span> <span class='ocrx_word' id='word_1_193' title='bbox 1230 1781 1311 1821; x_wconf 88' lang='lat' dir='ltr'>nisi</span> <span class='ocrx_word' id='word_1_194' title='bbox 1342 1781 1514 1821; x_wconf 85' lang='lat' dir='ltr'>forsitan</span> 
     </span>
     <span class='ocr_line' id='line_1_27' title="bbox 77 1840 1513 1896; baseline 0.002 -18"><span class='ocrx_word' id='word_1_195' title='bbox 77 1849 112 1876; x_wconf 87' lang='lat'>25</span> <span class='ocrx_word' id='word_1_196' title='bbox 133 1852 224 1879; x_wconf 90' lang='lat' dir='ltr'>cum</span> <span class='ocrx_word' id='word_1_197' title='bbox 244 1840 292 1880; x_wconf 89' lang='lat' dir='ltr'>ad</span> <span class='ocrx_word' id='word_1_198' title='bbox 313 1840 526 1880; x_wconf 89' lang='lat' dir='ltr'>arbitrium</span> <span class='ocrx_word' id='word_1_199' title='bbox 551 1842 722 1880; x_wconf 88' lang='lat' dir='ltr'>terroris</span> <span class='ocrx_word' id='word_1_200' title='bbox 749 1841 869 1881; x_wconf 90' lang='lat' dir='ltr'>alieni</span> <span class='ocrx_word' id='word_1_201' title='bbox 895 1855 963 1882; x_wconf 91' lang='lat' dir='ltr'>vos</span> <span class='ocrx_word' id='word_1_202' title='bbox 991 1842 1153 1896; x_wconf 89' lang='lat' dir='ltr'>loricae,</span> <span class='ocrx_word' id='word_1_203' title='bbox 1184 1854 1259 1881; x_wconf 92' lang='lat' dir='ltr'>nos</span> <span class='ocrx_word' id='word_1_204' title='bbox 1284 1853 1513 1894; x_wconf 87' lang='lat' dir='ltr'>propugna-</span> 
     </span>
     <span class='ocr_line' id='line_1_28' title="bbox 133 1900 1514 1956; baseline 0.001 -17"><span class='ocrx_word' id='word_1_205' title='bbox 133 1900 222 1939; x_wconf 88' lang='lat' dir='ltr'>cula</span> <span class='ocrx_word' id='word_1_206' title='bbox 253 1905 403 1952; x_wconf 89' lang='lat' dir='ltr'>tegunt.</span> <span class='ocrx_word' id='word_1_207' title='bbox 467 1900 537 1940; x_wconf 91' lang='lat' dir='ltr'>ubi</span> <span class='ocrx_word' id='word_1_208' title='bbox 575 1902 662 1953; x_wconf 90' lang='lat' dir='ltr'>ipse</span> <span class='ocrx_word' id='word_1_209' title='bbox 701 1902 743 1940; x_wconf 92' lang='lat' dir='ltr'>in</span> <span class='ocrx_word' id='word_1_210' title='bbox 781 1902 857 1942; x_wconf 93' lang='lat' dir='ltr'>hoc</span> <span class='ocrx_word' id='word_1_211' title='bbox 897 1902 1027 1943; x_wconf 90' lang='lat' dir='ltr'>solum</span> <span class='ocrx_word' id='word_1_212' title='bbox 1065 1903 1248 1956; x_wconf 90' lang='lat' dir='ltr'>captivus</span> <span class='ocrx_word' id='word_1_213' title='bbox 1287 1901 1514 1955; x_wconf 90' lang='lat' dir='ltr'>adduceris,</span> 
     </span>
     <span class='ocr_line' id='line_1_29' title="bbox 132 1960 1512 2015; baseline 0.002 -16"><span class='ocrx_word' id='word_1_214' title='bbox 132 1965 178 1999; x_wconf 89' lang='lat' dir='ltr'>ut</span> <span class='ocrx_word' id='word_1_215' title='bbox 208 1960 417 2012; x_wconf 88' lang='lat' dir='ltr'>pharetras</span> <span class='ocrx_word' id='word_1_216' title='bbox 451 1962 605 2012; x_wconf 84' lang='lat' dir='ltr'>sagittis</span> <span class='ocrx_word' id='word_1_217' title='bbox 638 1974 820 2015; x_wconf 89' lang='lat' dir='ltr'>vacuare,</span> <span class='ocrx_word' id='word_1_218' title='bbox 856 1962 1033 2004; x_wconf 89' lang='lat' dir='ltr'>lacrimis</span> <span class='ocrx_word' id='word_1_219' title='bbox 1067 1962 1204 2003; x_wconf 90' lang='lat' dir='ltr'>oculos</span> <span class='ocrx_word' id='word_1_220' title='bbox 1243 1961 1413 2015; x_wconf 87' lang='lat' dir='ltr'>implere</span> <span class='ocrx_word' id='word_1_221' title='bbox 1446 1974 1512 2002; x_wconf 93' lang='lat' dir='ltr'>co-</span> 
     </span>
     <span class='ocr_line' id='line_1_30' title="bbox 134 2020 1515 2077; baseline 0.002 -18"><span class='ocrx_word' id='word_1_222' title='bbox 134 2021 253 2073; x_wconf 90' lang='lat' dir='ltr'>garis,</span> <span class='ocrx_word' id='word_1_223' title='bbox 284 2020 401 2060; x_wconf 90' lang='lat' dir='ltr'>nobis</span> <span class='ocrx_word' id='word_1_224' title='bbox 435 2033 594 2073; x_wconf 91' lang='lat' dir='ltr'>quoque</span> <span class='ocrx_word' id='word_1_225' title='bbox 621 2034 702 2060; x_wconf 90' lang='lat' dir='ltr'>non</span> <span class='ocrx_word' id='word_1_226' title='bbox 727 2023 1021 2077; x_wconf 86' lang='lat' dir='ltr'>recusantibus,</span> <span class='ocrx_word' id='word_1_227' title='bbox 1054 2023 1161 2077; x_wconf 89' lang='lat' dir='ltr'>quod</span> <span class='ocrx_word' id='word_1_228' title='bbox 1186 2028 1255 2063; x_wconf 89' lang='lat' dir='ltr'>tua</span> <span class='ocrx_word' id='word_1_229' title='bbox 1281 2024 1379 2063; x_wconf 86' lang='lat' dir='ltr'>satis</span> <span class='ocrx_word' id='word_1_230' title='bbox 1405 2022 1515 2063; x_wconf 89' lang='lat' dir='ltr'>aliud</span> 
     </span>
     <span class='ocr_line' id='line_1_31' title="bbox 133 2079 1515 2137; baseline 0.002 -18"><span class='ocrx_word' id='word_1_231' title='bbox 133 2079 354 2120; x_wconf 89' lang='lat' dir='ltr'>moliuntur</span> <span class='ocrx_word' id='word_1_232' title='bbox 386 2085 477 2120; x_wconf 89' lang='lat' dir='ltr'>vota</span> <span class='ocrx_word' id='word_1_233' title='bbox 516 2094 635 2133; x_wconf 88' lang='lat' dir='ltr'>quam</span> <span class='ocrx_word' id='word_1_234' title='bbox 672 2082 811 2122; x_wconf 90' lang='lat' dir='ltr'>iacula.</span> <span class='ocrx_word' id='word_1_235' title='bbox 874 2082 913 2124; x_wconf 82' lang='lat'>2.</span> <span class='ocrx_word' id='word_1_236' title='bbox 948 2084 1018 2124; x_wconf 90' lang='lat' dir='ltr'>sed</span> <span class='ocrx_word' id='word_1_237' title='bbox 1058 2086 1151 2137; x_wconf 89' lang='lat' dir='ltr'>quia</span> <span class='ocrx_word' id='word_1_238' title='bbox 1193 2083 1398 2124; x_wconf 88' lang='lat' dir='ltr'>interdum</span> <span class='ocrx_word' id='word_1_239' title='bbox 1436 2084 1515 2123; x_wconf 87' lang='lat' dir='ltr'>etsi</span> 
     </span>
     <span class='ocr_line' id='line_1_32' title="bbox 79 2140 1513 2197; baseline 0.003 -19"><span class='ocrx_word' id='word_1_240' title='bbox 79 2151 115 2178; x_wconf 83' lang='lat'>30</span> <span class='ocrx_word' id='word_1_241' title='bbox 135 2152 215 2180; x_wconf 89' lang='lat' dir='ltr'>non</span> <span class='ocrx_word' id='word_1_242' title='bbox 247 2153 319 2192; x_wconf 90' lang='lat' dir='ltr'>per</span> <span class='ocrx_word' id='word_1_243' title='bbox 351 2140 559 2180; x_wconf 91' lang='lat' dir='ltr'>foederum</span> <span class='ocrx_word' id='word_1_244' title='bbox 591 2143 813 2196; x_wconf 87' lang='lat' dir='ltr'>veritatem,</span> <span class='ocrx_word' id='word_1_245' title='bbox 851 2143 984 2183; x_wconf 91' lang='lat' dir='ltr'>saltim</span> <span class='ocrx_word' id='word_1_246' title='bbox 1023 2157 1096 2197; x_wconf 88' lang='lat' dir='ltr'>per</span> <span class='ocrx_word' id='word_1_247' title='bbox 1134 2144 1383 2184; x_wconf 89' lang='lat' dir='ltr'>indutiarum</span> <span class='ocrx_word' id='word_1_248' title='bbox 1415 2145 1513 2183; x_wconf 91' lang='lat' dir='ltr'>ima-</span> 
     </span>
     <span class='ocr_line' id='line_1_33' title="bbox 134 2201 1515 2258; baseline 0.004 -19"><span class='ocrx_word' id='word_1_249' title='bbox 134 2202 268 2252; x_wconf 89' lang='lat' dir='ltr'>ginem</span> <span class='ocrx_word' id='word_1_250' title='bbox 302 2201 495 2252; x_wconf 88' lang='lat' dir='ltr'>quaedam</span> <span class='ocrx_word' id='word_1_251' title='bbox 529 2203 615 2254; x_wconf 89' lang='lat' dir='ltr'>spei</span> <span class='ocrx_word' id='word_1_252' title='bbox 647 2207 808 2242; x_wconf 89' lang='lat' dir='ltr'>nostrae</span> <span class='ocrx_word' id='word_1_253' title='bbox 841 2203 1038 2244; x_wconf 88' lang='lat' dir='ltr'>libertatis</span> <span class='ocrx_word' id='word_1_254' title='bbox 1066 2205 1244 2245; x_wconf 89' lang='lat' dir='ltr'>fenestra</span> <span class='ocrx_word' id='word_1_255' title='bbox 1269 2203 1515 2258; x_wconf 83' lang='lat' dir='ltr'>resplendet,</span> 
     </span>
     <span class='ocr_line' id='line_1_34' title="bbox 134 2261 1513 2320; baseline 0.003 -20"><span class='ocrx_word' id='word_1_256' title='bbox 134 2262 316 2313; x_wconf 89' lang='lat' dir='ltr'>impense</span> <span class='ocrx_word' id='word_1_257' title='bbox 338 2261 484 2316; x_wconf 84' lang='lat' dir='ltr'>flagito,</span> <span class='ocrx_word' id='word_1_258' title='bbox 515 2263 577 2302; x_wconf 87' lang='lat' dir='ltr'>uti</span> <span class='ocrx_word' id='word_1_259' title='bbox 602 2274 689 2316; x_wconf 86' lang='lat' dir='ltr'>nos,</span> <span class='ocrx_word' id='word_1_260' title='bbox 722 2275 814 2302; x_wconf 90' lang='lat' dir='ltr'>cum</span> <span class='ocrx_word' id='word_1_261' title='bbox 839 2266 1010 2305; x_wconf 83' lang='lat' dir='ltr'>maxime</span> <span class='ocrx_word' id='word_1_262' title='bbox 1037 2271 1166 2320; x_wconf 85' lang='lat' dir='ltr'>potes,</span> <span class='ocrx_word' id='word_1_263' title='bbox 1198 2265 1319 2305; x_wconf 84' lang='lat' dir='ltr'>affatu</span> <span class='ocrx_word' id='word_1_264' title='bbox 1343 2265 1513 2318; x_wconf 88' lang='lat' dir='ltr'>paginae</span> 
     </span>
    </p>
   </div>
   <div class='ocr_carea' id='block_1_5' title="bbox 232 2389 1398 2440">
    <p class='ocr_par' dir='ltr' id='par_1_8' title="bbox 232 2389 1398 2440">
     <span class='ocr_line' id='line_1_35' title="bbox 232 2389 1398 2440; baseline 0.006 -16"><span class='ocrx_word' id='word_1_265' title='bbox 232 2392 254 2424; x_wconf 81' lang='lat'>2</span> <span class='ocrx_word' id='word_1_266' title='bbox 281 2389 320 2424; x_wconf 76' lang='lat' dir='ltr'>et</span> <span class='ocrx_word' id='word_1_267' title='bbox 345 2400 534 2434; x_wconf 81' lang='lat' dir='ltr'>quaenam</span> <span class='ocrx_word' id='word_1_268' title='bbox 561 2391 596 2426; x_wconf 84' lang='lat' dir='ltr'><em>T</em></span> <span class='ocrx_word' id='word_1_269' title='bbox 612 2392 624 2436; x_wconf 78' lang='grc' dir='ltr'>ΙΙ</span> <span class='ocrx_word' id='word_1_270' title='bbox 645 2394 689 2427; x_wconf 81' lang='lat'>22</span> <span class='ocrx_word' id='word_1_271' title='bbox 716 2391 846 2427; x_wconf 78' lang='lat' dir='ltr'>tamen</span> <span class='ocrx_word' id='word_1_272' title='bbox 871 2403 938 2429; x_wconf 86' lang='lat' dir='ltr'>om.</span> <span class='ocrx_word' id='word_1_273' title='bbox 970 2394 1096 2440; x_wconf 77' lang='grc' dir='ltr'>Τ1129</span> <span class='ocrx_word' id='word_1_274' title='bbox 1123 2395 1215 2430; x_wconf 75' lang='lat' dir='ltr'>vota</span> <span class='ocrx_word' id='word_1_275' title='bbox 1241 2404 1309 2430; x_wconf 84' lang='lat' dir='ltr'>om.</span> <span class='ocrx_word' id='word_1_276' title='bbox 1339 2392 1398 2438; x_wconf 69' lang='lat'>012</span> 
     </span>
    </p>
   </div>
  </div>
 </body>
</html>
