1592 2612
600 116 809 155 CARMEN
833 116 915 154 VII.
1360 111 1448 159 289

183 223 267 263 iam
294 220 470 275 pallente
502 219 569 261 die
601 219 869 273 flagrantique
901 221 1033 261 excita
1064 218 1216 260 mundo

184 294 263 336 pax
293 281 586 323 elementorum
617 281 773 321 fureret
802 280 866 321 vel
897 282 1005 321 sicca
1035 282 1291 334 propinquus

187 344 360 384 saeviret
388 354 464 396 per
494 346 633 394 stagna
665 354 789 394 vapor
820 341 1022 394 limusque
1055 342 1190 382 sitiret

186 402 379 457 pulvereo
409 403 525 456 ponti
555 401 694 456 fund0‚
725 407 823 443 tunc
854 403 976 442 unica
1006 401 1160 442 Phoebi

88 472 163 505 410
186 465 393 504 insuetum
424 463 603 504 clemens
635 464 810 503 extinxit
841 463 1001 503 flamma
1033 462 1218 503 calorem.

246 523 323 565 Hic
354 523 502 577 aliquis
532 529 620 576 tum
651 524 756 564 forte
789 522 923 578 Getes,
956 523 1052 564 dum
1083 522 1185 563 falce
1217 528 1378 564 recocta

187 584 337 626 ictibus
367 585 559 625 informat
590 597 767 637 saxoque
798 586 1027 625 cacuminat
1057 596 1208 638 ensem,

188 647 269 686 iam
299 650 510 699 promptus
543 644 716 685 caluisse
748 644 870 699 tubis,
902 646 983 685 iam
1014 646 1174 698 iamque
1206 645 1412 698 frequenti

189 706 312 746 caede
344 706 577 760 sepulturus
608 710 760 746 terram
791 718 874 746 non
904 705 1021 746 hoste
1054 704 1224 759 sepulto,

91 773 164 807 415
190 765 337 807 claruit
366 772 412 807 ut
442 767 620 819 primum
651 778 800 806 nomen
830 767 1031 806 venientis
1061 766 1179 820 Aviti,

192 826 405 882 exclamat:
437 824 576 880 ‘periit
606 826 769 880 bellum,
801 826 893 867 date
925 839 1069 867 rursus
1100 832 1242 867 aratra.

192 889 274 927 otia
305 889 341 928 si
372 887 525 941 replico
557 888 717 940 priscae
747 886 851 927 hene
884 892 980 927 nota
1011 888 1174 941 quietis,

191 960 274 988 non
305 947 431 989 semel
463 949 541 988 iste
573 947 675 988 mihi
706 948 858 988 ferrum
890 947 994 988 tulit.
1057 961 1080 988 o
1112 946 1261 1001 pudor!
1294 960 1317 988 o
1350 946 1410 988 di!

191 1013 348 1049 tantum
378 1021 498 1062 posse
530 1007 668 1048 fidem!
702 1008 799 1061 quid
831 1008 994 1049 foedera
1024 1008 1132 1049 lenta
1163 1010 1345 1062 minaris,

94 1076 170 1109 420
198 1070 241 1109 in
273 1069 464 1110 damnum
494 1069 595 1109 mihi
626 1069 705 1109 fide
736 1067 902 1109 mcum?
934 1069 1171 1122 compendia
1203 1070 1315 1122 pacis

193 1135 234 1170 et
262 1135 470 1183 praestare
502 1129 619 1170 iubes
651 1141 726 1169 nos
757 1134 799 1170 et
829 1129 996 1170 debere:
1029 1131 1121 1182 quis
1152 1142 1343 1182 umquam

194 1188 411 1231 crederet?
442 1202 494 1231 en
525 1190 656 1230 Getici
687 1202 819 1244 reges,
849 1203 994 1243 parere
1026 1190 1220 1245 volentes,

193 1250 365 1291 inferius
396 1263 588 1304 regnasse
619 1255 787 1304 putant.v
836 1263 912 1291 nec
944 1251 1080 1291 dicere
1113 1251 1248 1291 saltim

194 1310 374 1351 desidiae
407 1311 575 1352 obtentu
605 1323 772 1364 possum
804 1317 843 1351 te
876 1311 1029 1364 proelia
1061 1311 1187 1361 nolle:

95 1379 168 1411 425
193 1383 335 1424 pacem
366 1371 483 1411 fortis
515 1384 636 1412 amas.
699 1373 779 1412 iam
810 1378 947 1425 partes
980 1373 1125 1412 sternit
1156 1372 1314 1426 Avitus3

194 1432 363 1484 insuper
393 1436 434 1471 et
465 1431 625 1472 Geticas
656 1433 906 1484 praemissus
938 1434 1118 1472 continet
1150 1434 1230 1473 iras

194 1491 437 1546 Messianus3
468 1492 598 1532 adhuc
628 1492 840 1546 mandasti,
871 1498 912 1532 et
942 1494 1131 1545 ponimus
1163 1505 1284 1533 arma.

196 1551 292 1604 quid
311 1557 449 1606 restat,
474 1552 580 1605 quod
607 1565 727 1605 posse
754 1550 882 1593 velis?
914 1553 1021 1605 quod
1042 1565 1123 1593 non
1143 1566 1284 1594 sumus
1302 1553 1458 1609 hostes,

195 1625 316 1665 parva
347 1625 459 1667 reor3
490 1614 625 1666 prisco
658 1618 701 1653 tu
734 1614 770 1653 si
800 1613 899 1653 mihi
931 1618 1050 1653 notus
1082 1615 1126 1653 in
1157 1618 1249 1654 actu
1281 1626 1339 1668 es,

97 1680 171 1713 430
197 1672 402 1713 auxiliaris
435 1685 522 1713 ero:
554 1672 616 1712 vel
649 1674 708 1713 sic
740 1686 918 1726 pugnare
950 1671 1115 1714 licebit?

258 1733 365 1773 Haec
398 1745 536 1774 secum
568 1733 700 1786 rigido
731 1733 859 1774 Vesus
891 1734 986 1774 dum
1018 1734 1140 1774 corde
1173 1733 1336 1788 volutat,

198 1799 363 1834 ventum
395 1795 437 1834 in
469 1799 731 1847 conspectum
762 1795 902 1835 fuerat.
966 1807 1037 1835 rex
1070 1800 1190 1847 atque
1222 1796 1416 1848 magister

198 1860 364 1907 propter
396 1855 677 1908 constiterant3
708 1854 774 1894 hic
806 1855 918 1895 vultu
950 1860 1123 1908 erectus,
1155 1860 1195 1895 at
1227 1855 1293 1896 ille

199 1915 351 1955 laetitia
382 1914 544 1955 erubuit
576 1916 814 1968 veniamque
847 1915 995 1956 rubore
1027 1917 1223 1968 poposcit.

101 1983 174 2015 435
202 1981 296 2028 post
326 1975 419 2015 hinc
454 1987 644 2027 germano
677 1977 799 2030 regis,
830 1975 925 2016 hinc
956 1988 1051 2028 rege
1084 1981 1241 2016 retento

200 2035 416 2075 Palladiam
448 2035 654 2088 implicitis
686 2036 871 2077 manibus
904 2035 1067 2077 subiere
1099 2036 1295 2077 Tolosam.

201 2096 307 2136 haud
341 2108 458 2135 secus
490 2097 655 2136 insertis
687 2097 736 2136 ad
767 2096 991 2149 pulvinaria
1022 2096 1165 2150 palmis

201 2155 397 2196 Romulus
429 2161 469 2195 et
500 2155 638 2196 Tatius
670 2156 811 2197 foedus
843 2158 989 2211 iecere,
1020 2163 1234 2209 parentum

203 2229 295 2257 cum
327 2217 435 2256 ferro
468 2221 508 2256 et
539 2216 691 2257 rabidis
723 2223 891 2270 cognato
923 2219 964 2257 in
996 2217 1122 2258 Marte
1154 2219 1310 2258 maritis

180 2360 251 2392 412
278 2356 455 2402 ferroque
482 2357 517 2392 T
532 2359 545 2400 ΙΙ
563 2360 634 2394 426
661 2357 851 2407 continet]
878 2359 1069 2404 temperat
1095 2359 1130 2394 T
1146 2362 1158 2404 u
1177 2362 1247 2395 429
1274 2358 1334 2406 tu]
1360 2358 1464 2404 quod

83 2405 119 2440 T
135 2406 149 2451 Β
166 2407 236 2440 431
264 2404 355 2440 dum
380 2416 493 2441 vesus
520 2404 591 2452 F·

156 2470 386 2500 Aronnuxms
406 2472 453 2499 ed.
472 2472 506 2499 M
513 2480 531 2500 o
538 2472 559 2499 h
566 2480 592 2499 r.
1204 2472 1220 2502 1
1226 2471 1245 2502 9
