1592 2612
345 129 575 168 SIDONIUS
600 128 867 167 FERREOLO
894 129 988 167 SUO
1014 128 1258 167 SALUTEM.
1409 130 1492 173 161

106 234 236 287 magis
272 232 463 287 verebor,
504 244 556 273 ne
594 231 811 273 assiduitas
842 232 1096 285 praesentiae
1128 243 1242 272 meae
1275 232 1329 272 sit
1359 233 1497 285 potius

106 294 245 336 futura
275 293 449 334 fastidio.
499 305 656 333 memor
687 293 819 333 nostri
851 304 942 332 esse
974 292 1155 347 dignare,
1187 292 1350 333 domine
1382 305 1497 346 papa.

704 446 769 490 XI
821 446 862 489 X
886 482 894 489 .

219 529 450 567 SIDONIUS
475 530 674 567 DOMINO
703 445 1118 566 PAPAE)AUSP1010
1145 529 1388 566 SALUTEM.

203 605 241 649 1.
274 607 319 648 Si
349 609 452 648 ratio
484 612 714 661 temporum
747 609 1039 660 regionumque
1066 611 1285 662 pateretur,
1316 619 1400 647 non
1424 619 1500 661 per

106 667 195 709 sola
232 668 365 709 officia
401 667 619 709 verborum
657 669 855 708 amicitias
895 667 1021 708 semel
1058 669 1180 707 initas
1212 667 1397 708 excolere
1430 681 1499 709 cu·
1536 680 1557 706 5

109 741 256 770 rarem.
307 729 379 770 sed
411 730 604 782 quoniam
636 729 837 769 fraternae
870 730 1019 781 quietis
1052 733 1143 768 voto
1176 730 1274 768 satis
1301 728 1501 782 obstrepit

107 789 429 831 conflictantium
473 788 650 842 procella
694 801 931 843 regnorum,
976 788 1108 829 saltim
1153 789 1262 829 inter
1299 788 1500 830 discretos

109 855 401 904 separatosque
426 849 613 890 litterarii
637 849 888 890 consuetudo
909 851 1108 890 sermonis
1135 850 1224 889 iure
1245 849 1500 905 retinebitur,

109 923 214 964 quae
240 912 321 951 iam
346 910 504 964 pridem
530 911 710 951 caritatis
738 910 906 950 obtentu
931 911 1076 950 merito
1102 909 1267 950 inducta
1292 909 1500 951 veteribus

107 972 253 1012 annuit
290 970 498 1024 exemplis.
550 975 754 1024 superest,
791 975 837 1011 ut
875 970 1048 1011 sollicito
1080 972 1310 1010 veneratori
1341 970 1501 1024 culpam
1521 985 1558 1012 ιο

109 1045 226 1073 rarae
258 1032 512 1072 occursionis
545 1031 768 1085 indulgeas,
800 1044 902 1085 quae
936 1043 1016 1084 quo
1048 1032 1184 1071 minus
1216 1030 1377 1071 assidue
1405 1044 1502 1071 con-

108 1097 276 1147 spectus
301 1093 363 1133 tui
389 1096 648 1132 sacrosancta
673 1091 1013 1145 contemplatione
1039 1092 1229 1145 potiatur,
1258 1104 1367 1132 nunc
1391 1093 1500 1145 peri-

107 1153 248 1194 culum
285 1152 335 1194 de
367 1153 512 1193 vicinis
550 1153 685 1207 timet,
728 1165 838 1193 nunc
869 1152 1063 1192 invidiam
1094 1151 1144 1192 de
1175 1153 1369 1204 patronis.
1428 1152 1500 1193 sed

107 1214 160 1254 de
193 1213 258 1254 his
289 1214 433 1254 istaec:
466 1218 507 1254 et
537 1214 618 1253 iam
649 1212 775 1254 multa
802 1218 908 1254 sunt.
960 1211 1000 1253 2.
1027 1213 1191 1252 interim
1217 1212 1395 1267 Petrum,
1427 1214 1501 1253 tri-

109 1274 320 1315 bunicium
350 1275 501 1328 virum,
532 1275 772 1327 portitorem
803 1275 935 1314 nostri
967 1274 1185 1327 sermonis,
1217 1266 1398 1328 insinuo,
1431 1275 1502 1327 qui
1521 1287 1558 1315 15

112 1334 154 1375 id
185 1336 322 1388 ipsum
354 1326 494 1375 sedulo
527 1335 711 1387 exposcit
737 1336 900 1388 quique,
933 1334 1031 1387 quid
1057 1334 1212 1387 negotii
1238 1334 1353 1388 ferat,
1383 1347 1500 1387 prae-

110 1400 306 1435 sentaneo
352 1394 667 1448 conpendiosius
710 1400 846 1448 potest
889 1396 1077 1435 intimare
1116 1400 1353 1435 memoratu.
1423 1396 1502 1449 cui,

112 1468 271 1510 precor,
303 1455 411 1508 quod
442 1456 486 1495 in
516 1454 631 1494 vohis
664 1456 753 1507 opis
786 1460 860 1509 est,
892 1456 1043 1495 intuitu
1073 1455 1241 1508 paginae
1274 1457 1502 1508 praesentis

109 1515 295 1571 accedat,
333 1520 521 1556 manente
559 1520 748 1567 respectu
786 1515 1050 1555 nihilominus
1089 1516 1322 1569 aequitatis,
1361 1521 1503 1556 contra

110 1589 235 1630 quam
266 1589 342 1616 nec
367 1577 496 1628 magis
529 1574 787 1615 familiarium
819 1588 962 1616 causas
988 1574 1271 1616 commendare
1298 1577 1501 1617 consuevi.
1520 1592 1558 1618 20

111 1649 270 1677 memor
301 1638 432 1678 nostri
463 1648 554 1676 esse
586 1635 771 1690 dignare,
803 1635 965 1676 domine
998 1648 1111 1688 papa.

760 1788 858 1833 XII.

353 1873 583 1910 SIDONIUS
610 1870 871 1909 FERREOL‘O
898 1872 991 1909 SUO
1020 1871 1264 1909 SALUTEM.

210 1949 248 1992 1.
282 1951 325 1992 Si
350 1952 551 1991 amicitiae
578 1955 739 1990 nostrae
771 1951 907 2003 potius
940 1949 1226 2002 affinitatisque
1260 1961 1380 2001 quam
1411 1961 1503 2002 per·

115 2024 239 2052 sonae
265 2017 357 2052 tuae
384 2016 545 2064 tempus
572 2011 756 2051 ordinem
783 2015 933 2051 statum
959 2011 1242 2063 cogitaremus,
1269 2010 1357 2049 iure
1388 2008 1502 2049 vobis

116 2074 161 2113 in
184 2072 262 2113 hoc
283 2085 418 2126 opere,
438 2071 849 2124 quantulumcumque
871 2075 944 2125 est,
963 2071 1118 2124 primae
1138 2069 1349 2110 titulorum
1368 2069 1501 2110 rubri·
1521 2084 1560 2112 25

117 2145 200 2187 cae,
231 2134 362 2187 prima
395 2144 629 2173 sermonum
662 2132 793 2172 officia
827 2131 1121 2172 dedicarentur.
1154 2132 1254 2170 isset
1279 2142 1352 2183 per
1377 2131 1502 2170 avitas

115 2193 194 2234 tibi
237 2193 354 2234 stilus
398 2198 538 2233 noster
587 2191 767 2246 curules,
811 2193 1001 2245 patricias
1046 2190 1309 2231 nihilominus
1355 2189 1502 2231 insulas

217 2326 240 2360 8
266 2321 483 2358 litterarum
509 2321 540 2358 G
554 2322 566 2367 ΙΙ
589 2324 632 2356 10
658 2319 794 2356 annuit
814 2320 859 2356 N
869 2320 954 2357 VM
964 2320 1041 2364 CT,
1070 2319 1179 2355 annii:
1198 2319 1234 2355 L
1264 2320 1277 2364 ΙΙ
1311 2322 1356 2355 14
1380 2318 1503 2355 istaec

117 2369 214 2416 LN,
239 2369 317 2406 ista
341 2370 437 2406 haec
464 2369 590 2406 MOT
616 2370 621 2414 Ι
649 2368 789 2405 istaec:
817 2370 857 2404 et
882 2368 960 2404 iam
987 2368 1146 2405 Leonem
1170 2372 1315 2405 secutus
1340 2368 1504 2405 distinxi

121 2427 132 2466 ·j
160 2420 204 2454 18
230 2418 315 2465 opis
342 2420 401 2454 est
427 2418 563 2463 LNT,
592 2418 651 2454 est
677 2417 762 2463 opis
790 2416 903 2463 ΜΘΗ

194 2485 423 2513 Aronmxmnxs
443 2486 491 2514 ed.
510 2485 543 2512 M
551 2493 568 2513 ο
576 2485 595 2511 h
604 2493 628 2511 r.
1243 2480 1284 2511 11
