1592 2612
0 62 29 81 fr·
45 59 62 70 ‘⁹

10 90 19 94 ”
83 84 85 86 ’
121 75 355 140 εῑυόιπσε
379 99 579 138 nomo
603 99 767 137 PAPAE
791 100 1055 138 PERPETUO
1083 100 1329 140 SALUTEM.
1382 102 1469 146 159

60 205 184 257 flavit
213 202 422 257 impendii.
473 201 663 243 Salomon
695 202 901 256 deinceps,
932 207 979 244 ut
1007 202 1204 257 templum
1237 204 1471 245 aedificaret

75 265 123 306 in
141 263 330 319 Solymis,
355 263 504 304 solidas
528 263 670 316 populi
693 265 802 304 vires
827 265 870 303 in
891 276 1014 317 opere
1040 266 1259 319 concussit,
1286 267 1469 318 quamvis

76 324 400 366 Palaestinorum
431 325 609 378 captivas
641 336 741 378 opes
771 330 813 365 et
844 326 1202 366 circumiectorum
1226 338 1369 378 regum
1395 327 1469 366 tri-

75 384 259 427 butarias
296 385 526 426 functiones
564 384 753 425 australis
790 387 955 438 reginae
988 385 1163 426 Sabaitis
1194 399 1290 439 gaza
1327 399 1468 427 cumu-
1546 435 1550 438 ⁸

76 445 232 487 laverit.
293 445 361 487 hic
397 445 512 486 vobis
554 445 767 486 ecclesiam
798 447 957 486 iuvenis
979 440 1133 501 miles,
1175 449 1312 487 tenuis
1342 447 1468 502 solus,
1504 460 1523 486 5

77 506 210 548 adhuc
239 505 522 547 filiusfamilias
547 511 589 546 et
613 508 692 546 iam
719 511 836 560 pater
861 509 1051 562 extruxit,
1083 520 1158 548 nec
1184 507 1299 548 illum
1325 521 1347 548 a
1373 521 1467 562 pro-

50 569 208 621 ·posita
239 566 453 608 devotione
486 567 699 620 suspendit
724 567 788 607 vel
812 569 1010 608 tenacitas
1036 581 1181 608 senum
1206 569 1270 608 vel
1295 570 1468 609 intuitus

76 627 362 682 parvulorum3
399 632 441 668 et
478 632 614 668 tamen
652 628 730 668 fuit
766 640 927 669 morum
965 629 1119 669 factura
1158 641 1262 682 quae
1299 634 1465 670 taceret.

78 686 150 729 22.
181 689 244 729 vir
275 693 338 729 est
369 700 557 743 namque,
587 690 631 744 ni
663 688 792 743 fallor,
823 691 959 729 totius·
974 689 1258 742 popularitatis
1291 690 1466 745 alienus3

76 749 247 803 gratiam
278 761 360 790 non
393 754 527 802 captat
558 750 843 789 omniumsed
875 749 1095 804 honorum,
1132 763 1214 790 non
1246 751 1467 791 indiscreta
1487 752 1531 791 10⁴

76 809 349 851 familiaritate
387 809 587 850 vilescens
626 810 696 850 sed
742 812 966 850 examinata
1013 810 1224 852 sodalitate
1262 813 1468 864 pretiosus

35 919 39 922 .
76 875 119 912 et
143 883 166 911 a
190 869 298 911 bono
323 871 456 910 viratu
481 870 651 910 aemulis
678 872 764 910 suis
784 872 911 924 magis
934 872 1129 924 prodesse
1150 874 1319 925 cupiens
1346 885 1468 925 quam

74 930 251 985 placere,
264 932 430 971 severis
449 930 633 984 patribus
654 931 962 986 comparandus,
988 934 1058 985 qui
1077 934 1269 973 iuvenum
1290 933 1468 973 filiorum

74 1004 159 1033 non
196 996 279 1032 tam
317 993 496 1044 cogitant
532 997 623 1032 vota
655 1005 775 1044 quam
808 993 1035 1047 commoda3
1076 994 1119 1033 in
1158 994 1339 1034 adversis
1371 1006 1467 1034 con-

76 1057 188 1093 stans
231 1053 275 1092 in
319 1051 456 1092 dubiis
500 1051 605 1092 fidus
645 1054 687 1092 in
726 1055 935 1106 prosperis
972 1053 1201 1108 modestus3
1244 1056 1286 1094 in
1324 1054 1467 1094 habitu
1487 1067 1523 1095 15

76 1112 248 1166 simplex
279 1114 323 1152 in
355 1124 543 1153 sermone
576 1115 816 1167 communis,
848 1115 889 1153 in
922 1114 1190 1154 coutubernio
1217 1114 1396 1168 aequalis
1422 1116 1466 1155 in

76 1173 247 1214 consilio
278 1172 548 1227 praecellens3
581 1175 778 1214 amicitias
811 1174 1000 1227 probatas
1033 1176 1151 1215 enixe
1185 1177 1339 1229 expetit
1370 1188 1466 1216 con-

76 1239 232 1274 stanter
268 1235 419 1274 retinet
455 1236 693 1287 perenniter
724 1240 875 1289 servat,
913 1237 1148 1276 inimicitias
1187 1237 1362 1276 indictas
1393 1237 1465 1276 ho-

74 1299 192 1335 neste
225 1299 389 1335 exercet
418 1294 533 1340 tarde
566 1295 697 1335 credit
728 1295 918 1336 celeriter
950 1296 1134 1351 deponit3
1172 1299 1346 1337 maxime
1380 1310 1463 1337 am-

60 1354 403 1409 ,hiendus‚·quia
447 1357 613 1395 minime
659 1355 917 1410 ambitiosus,
961 1369 1042 1397 non
1081 1357 1218 1398 studet
1255 1359 1521 1411 susciperem

77 1415 348 1456 sacerdotium
382 1415 452 1455 sed
486 1417 647 1456 mereri.
712 1415 779 1457 23.
815 1417 914 1456 dicit
951 1417 1117 1470 aliquis:
1157 1415 1279 1459 ‘unde
1306 1418 1381 1459 tibi
1413 1419 1463 1459 de

74 1475 143 1516 illo
175 1481 259 1516 tam
290 1477 371 1516 cito
402 1480 512 1516 tanta
544 1482 735 1529 conperta
769 1474 915 1517 sunt?’
967 1480 1033 1517 cui
1066 1479 1312 1532 respondeo:
1349 1481 1464 1532 prius

73 1535 279 1589 Bituriges
304 1548 494 1576 noveram
516 1549 637 1589 quam
657 1536 871 1589 Biturigas.
914 1538 1063 1578 multos
1086 1540 1127 1578 in
1147 1540 1294 1580 itinere
1315 1539 1464 1580 multos

73 1598 116 1637 in
137 1596 388 1651 commilitio,
412 1596 562 1637 multos
581 1598 624 1637 in
644 1603 853 1637 contractu
872 1598 1022 1638 multos
1042 1600 1084 1638 in
1104 1604 1288 1648 tractatu,
1315 1600 1464 1640 multos

73 1659 118 1698 in
150 1670 222 1698 sua
253 1657 404 1698 multos
435 1659 477 1697 in
509 1662 647 1697 nostra
678 1660 1007 1711 peregrinatione
1033 1661 1329 1712 cognoscimus.
1372 1660 1462 1713 plu·
1482 1673 1518 1700 25

74 1719 177 1759 rima
208 1719 376 1759 notitiae
409 1718 557 1758 dantur
589 1723 630 1758 et
655 1731 703 1758 ex
738 1720 926 1771 opinione
960 1720 1217 1774 compendia⁷
1256 1723 1349 1773 quia
1382 1734 1463 1761 non

74 1783 158 1819 tam
194 1791 341 1832 parvos
379 1780 576 1819 terminos
614 1780 750 1832 posuit
788 1780 915 1819 famae
955 1786 1098 1820 natura
1138 1793 1257 1833 quam
1296 1783 1461 1834 patriae.

74 1841 265 1892 quocirca
297 1841 332 1880 si
363 1839 527 1880 urbium
554 1844 682 1880 status
708 1852 790 1879 non
816 1845 897 1880 tam
924 1853 1134 1881 murorum
1161 1841 1315 1881 ambitu
1342 1854 1463 1894 quam

74 1901 223 1940 civium
249 1899 430 1940 claritate
457 1900 653 1940 taxandus
675 1905 749 1955 est,
775 1913 855 1940 non
875 1901 994 1941 modo
1014 1903 1192 1954 primum
1214 1904 1281 1954 qui
1303 1904 1462 1956 essetis,
1483 1909 1487 1912 ’

75 1960 146 2001 sed
178 1960 248 2001 ubi
274 1962 420 2001 essetis
446 1962 599 2013 agnovi.
650 1959 720 2002 24.
747 1974 851 2001 uxor
875 1961 935 2001 illi
961 1962 1010 2002 de
1037 1961 1306 2002 Palladiorum
1334 1964 1460 2016 stirpe
1481 1975 1517 2012 zo

73 2100 345 2146 crysimbolum
374 2102 410 2137 T
425 2103 437 2147 ΙΙ
458 2105 478 2137 6
505 2101 694 2147 propositi
723 2102 756 2138 T
772 2104 784 2148 ss
804 2105 826 2137 8
853 2103 956 2137 sacta
984 2103 1016 2139 C
1039 2104 1044 2149 1
1072 2102 1218 2138 faceret
1243 2103 1310 2149 Lu
1335 2108 1357 2139 9
1383 2102 1460 2140 nisi

73 2149 193 2194 MTn
213 2153 257 2185 12
285 2160 308 2184 a
335 2150 423 2194 LT,
450 2161 531 2195 exp.
553 2150 624 2194 Νι,
650 2162 718 2186 om.
739 2150 853 2198 ΜΟΙΙ
873 2154 918 2186 23
945 2150 1135 2196 biturigas
1162 2151 1258 2197 VM,
1286 2150 1459 2199 biturgas

75 2197 164 2243 LT,
196 2198 384 2233 bituricas
414 2198 445 2234 C
471 2200 484 2244 fl
515 2203 562 2234 24
587 2197 729 2234 multos
756 2199 796 2234 in
829 2201 998 2234 tractatu
1024 2199 1165 2235 multos
1192 2199 1231 2234 in
1259 2203 1460 2236 contractu

74 2246 152 2292 (sed
181 2246 324 2282 multos
351 2246 390 2281 in
422 2247 593 2282 tractatu
619 2258 648 2283 s.
676 2248 699 2284 l.
726 2248 812 2284 add.
833 2248 1005 2292 M¹)MG
1047 2250 1054 2294 Ι
1099 2248 1286 2292 quosdam
1319 2250 1358 2284 in
1390 2260 1461 2284 sua

72 2293 277 2341 plerosque
303 2294 343 2330 in
369 2297 500 2330 nostra
530 2295 840 2342 peregrinat-ione
869 2296 900 2332 Ο
921 2299 933 2342 ss
958 2300 1003 2331 29
1031 2295 1172 2331 civium
1198 2308 1266 2333 om.
1289 2297 1322 2333 C
1340 2303 1346 2342 1
1368 2308 1459 2343 pen-

74 2342 217 2378 sandus
243 2345 353 2389 (pens
379 2345 422 2379 in
452 2355 527 2380 ras.
549 2343 601 2379 M
604 2344 783 2388 ¹)MPF,
814 2344 875 2379 vel
900 2344 1109 2390 taxandus,
1142 2346 1241 2392 quod
1265 2356 1292 2382 s.
1320 2346 1343 2382 l.
1370 2347 1458 2383 add.

72 2390 151 2436 M1,
174 2403 267 2428 eras.
287 2392 352 2428 M²
374 2395 379 2439 ι
401 2391 566 2438 primum
591 2391 704 2427 modo
733 2393 791 2438 Cu
