1592 2612
141 141 227 184 166
621 137 769 174 LIBER
794 136 1046 174 SEPTIMUS.

137 241 326 282 audiendi
371 240 606 280 efficaciam:
656 243 861 292 tamquam
905 250 974 278 sus
1015 237 1201 290 hispidus
1239 250 1322 279 non
1353 240 1519 280 antistet

136 302 286 342 auditu.
328 301 561 354 praeferunt
602 299 797 339 odorandi
848 298 1128 339 subtilitatem:
1179 303 1385 352 tamquam
1435 312 1518 341 non

135 361 351 415 praecedat
381 360 514 401 vultur
547 359 706 400 olfactu.
733 359 969 412 praeferunt
995 358 1185 417 gustandi
1210 358 1518 401 discretionem:

134 427 338 475 tamquam
387 433 467 461 non
517 420 737 474 plurimum
781 420 875 460 hinc
925 431 999 459 nos
1050 419 1240 460 cedamus
1290 425 1331 461 et
1387 422 1517 463 simio.

98 496 115 522 5
136 483 232 535 quid
283 482 332 522 de
383 486 491 522 tactu
535 480 695 535 loquar,
746 482 886 533 quinto
943 492 1067 520 sensu
1124 481 1307 533 corporis
1357 479 1518 523 nostri?

134 555 255 595 quem
287 541 364 582 sibi
395 541 674 581 indifferenter
705 545 788 581 tam
819 539 1084 594 philosophus
1117 553 1237 593 quam
1270 541 1516 584 vermiculus

133 607 339 656 usurpant.
372 607 484 642 taceo
516 602 582 641 hic
615 601 664 641 de
704 600 948 654 appetitibus
994 599 1283 656 inlecebrosis,
1328 614 1429 655 quos
1473 605 1518 644 in

133 664 242 703 coitu
285 664 412 702 motui
455 662 618 702 beluino
663 663 796 702 carnis
840 661 1038 701 humanae
1088 660 1272 714 voluptas
1324 662 1517 705 inclinata

133 724 410 763 communicat.
452 721 489 763 7.
522 735 616 763 ecce
650 735 769 776 quam
801 723 1008 762 miseriam
1040 722 1276 774 praeferunt
1308 723 1515 766 excolunt-

78 797 113 824 10
133 796 228 837 que,
271 785 340 836 qui
384 783 500 837 mihi⁷
543 783 649 836 quod
695 784 754 823 eis
797 782 881 822 solo
915 784 971 823 sis
1005 781 1148 823 obtutu
1180 784 1333 838 notior,
1363 785 1516 838 turgidi

71 2002 108 2029 30

131 843 334 884 insultant.
378 849 438 883 ast
480 856 552 896 ego
597 843 712 883 illum
750 856 911 896 semper
948 842 1199 896 Philagrium
1230 844 1366 898 video,
1398 847 1515 886 cuius

131 906 166 944 si
197 906 368 945 tacentis
399 904 579 944 viderem
612 904 768 958 faciem,
800 903 1049 956 Philagrium
1075 916 1157 944 non
1183 904 1374 946 viderem.
1407 906 1515 947 unde

131 964 228 1005 illud
263 964 392 1005 simile
424 964 627 1018 vulgatum
661 969 740 1018 est,
780 964 887 1017 quod
920 966 976 1004 ait
1008 964 1172 1017 quidam
1203 966 1246 1005 in
1278 978 1401 1006 causa
1432 966 1514 1007 dis-

131 1027 218 1077 pari
251 1027 449 1065 sententia
481 1027 585 1078 pari:
617 1022 805 1065 ‘filium
831 1024 979 1065 Marci
1012 1024 1268 1066 Ciceronis
1301 1027 1515 1080 populus

76 1099 88 1123 1
130 1085 369 1126 Romanus
414 1098 507 1126 non
558 1085 859 1137 agnoscebat
909 1083 1217 1138 loquentem’.
1269 1086 1515 1129 conclamata

130 1151 224 1186 sunt
264 1159 437 1199 namque
479 1147 628 1186 iudicio
670 1145 890 1187 universali
932 1147 1124 1186 scientiae
1168 1146 1342 1199 dignitas
1384 1149 1513 1190 virtus

128 1209 421 1261 praerogativa,
464 1209 577 1247 cuius
620 1207 669 1247 ad
701 1208 921 1247 maximum
957 1206 1117 1247 culmen
1149 1209 1390 1249 meritorum
1423 1221 1513 1261 gra-

129 1266 247 1307 dibus
280 1267 521 1307 ascenditur.
568 1266 606 1307 8.
639 1269 815 1321 primum
842 1269 964 1307 etiam
989 1266 1157 1308 bestiale
1185 1280 1345 1321 corpus,
1372 1270 1407 1309 si
1433 1271 1514 1310 iam

129 1327 231 1366 forte
264 1328 479 1368 formatum
511 1333 590 1382 est,
628 1329 822 1381 dignitate
860 1327 1114 1368 transcendit
1144 1330 1356 1369 materiam
1387 1330 1512 1370 infor-

127 1399 251 1442 mem3
284 1388 428 1429 deinde
455 1389 623 1429 formato
650 1390 914 1442 praeponitur
946 1401 1094 1441 corpus
1121 1390 1358 1444 animatum3
1390 1391 1512 1431 tertio

126 1448 333 1500 praecedit
374 1450 547 1489 animam
587 1450 756 1502 pecudis
799 1451 957 1490 animus
999 1449 1219 1503 humanus,
1262 1452 1374 1505 quia,
1407 1452 1513 1492 sicut

126 1508 295 1548 inferior
327 1514 389 1549 est
421 1523 513 1549 caro
546 1512 663 1564 vitae,
696 1511 754 1550 sic
786 1512 867 1550 vita
899 1511 1059 1564 rationi,
1086 1511 1201 1551 cuius
1235 1511 1511 1564 assequendae

127 1568 391 1609 substantiam
424 1575 603 1611 nostram
635 1576 863 1624 compotem
890 1570 990 1610 deus
1018 1571 1175 1625 artifex,
1208 1571 1380 1612 ferinam
1411 1584 1508 1613 vero

127 1630 319 1681 impotem
352 1631 466 1684 fecit3
501 1633 556 1671 ita
588 1637 742 1686 tamen,
775 1631 883 1684 quod
915 1632 958 1671 in
991 1636 1098 1671 statu
1129 1633 1278 1672 mentis
1310 1631 1508 1674 humanae

90 1702 104 1727 5
126 1689 248 1741 pollet
296 1690 486 1743 bipertita
537 1692 731 1732 condicio.
782 1704 875 1732 nam
921 1693 1026 1732 sicut
1070 1693 1227 1732 animae
1272 1692 1510 1734 humanitus

126 1749 219 1790 licet
251 1753 548 1806 ratiocinantes,
579 1752 746 1792 hebetes
777 1757 913 1792 tamen
945 1753 1227 1805 pigrioresque
1259 1753 1507 1805 prudentum

126 1815 412 1863 acutarumque
440 1811 642 1852 calcantur
668 1814 843 1866 ingenio,
876 1814 931 1852 ita
959 1814 993 1853 si
1019 1826 1121 1866 quae
1155 1818 1261 1867 sunt,
1294 1826 1395 1866 quae
1423 1814 1508 1854 sola

126 1871 298 1927 naturali
331 1873 524 1924 sapientia
556 1874 708 1926 vigent,
740 1873 814 1913 hae
840 1875 1065 1926 peritarum
1099 1886 1143 1914 se
1175 1875 1334 1914 meritis
1367 1886 1509 1928 super-

126 1932 256 1970 veniri
288 1931 402 1971 facile
436 1933 671 1972 concedunt.
718 1931 756 1973 9.
784 1946 956 1986 quorum
984 1946 1056 1987 ego
1090 1934 1287 1986 graduum
1319 1934 1509 1976 differen-

127 1992 225 2030 tiam
276 1991 494 2032 observans
545 1992 658 2033 illum
707 1993 956 2046 Philagrium
1006 1995 1140 2034 cordis
1186 1994 1301 2034 oculo
1347 2007 1509 2049 semper

127 2052 311 2105 inspici07
344 2054 409 2091 cui
441 2065 504 2092 me
538 2054 695 2093 animus
727 2054 1000 2105 potentialiter
1031 2060 1172 2095 notum
1204 2067 1363 2096 morum
1397 2057 1508 2096 simi-

128 2110 296 2151 litudine
330 2112 435 2152 facit.
468 2125 559 2152 nam
593 2113 687 2153 licet
718 2113 835 2154 bonis
869 2115 1056 2155 omnibus
1088 2115 1266 2169 placeas,
1310 2128 1429 2156 nemo
1467 2122 1507 2157 te

126 2171 217 2224 plus
249 2172 371 2212 valuit
403 2174 648 2213 intrinsecus
675 2175 825 2213 intueri
853 2187 972 2226 quam
999 2177 1068 2228 qui
1094 2176 1322 2216 forinsecus
1348 2177 1508 2218 affectat

224 2279 247 2310 4
272 2287 341 2311 nos
367 2277 544 2313 cedamus
574 2278 616 2323 T,
648 2288 761 2313 nosse
788 2278 967 2314 cedamus
994 2279 1082 2316 LN
1085 2280 1136 2315 M
1140 2279 1188 2324 0,·
1219 2291 1272 2317 om
1302 2291 1371 2316 nos
1398 2280 1508 2317 dece-

127 2323 330 2369 damus?‚ss
364 2328 407 2360 15
434 2325 674 2362 conclamata
699 2326 841 2362 LNM
845 2327 893 2372 T,
927 2327 1158 2364 conclamati
1186 2328 1229 2373 0;
1265 2329 1508 2366 conclamata

128 2372 233 2408 sunt:
266 2383 432 2418 namque
458 2375 542 2410 dist.
570 2374 829 2420 Luetjohanm
859 2376 989 2411 malim
1014 2377 1277 2413 conclamatae
1305 2377 1318 2423 ss
1348 2381 1392 2414 16
1419 2379 1508 2414 sunt

125 2421 306 2468 namque]
335 2421 558 2467 sancitaque
591 2423 839 2460 Wizamowitz
857 2424 870 2469 ΙΙ
889 2427 933 2459 32
960 2423 1046 2469 plus
1072 2428 1111 2460 te
1139 2425 1172 2461 Ο
1185 2426 1197 2470 Η
