1592 2612
175 126 234 169 94
650 120 798 158 1213ssss
824 118 1066 165 QUARTUS.

174 228 341 269 luserim
372 230 501 266 metro
527 236 653 276 nugas
680 223 786 262 mitti
813 226 1010 274 oportere.
1063 231 1196 260 annuo
1223 219 1430 274 iniunctiS‚
1462 219 1558 272 quia

175 289 319 341 dignus
353 299 414 340 es,
446 290 491 326 ut
521 284 614 325 talia
646 283 773 336 legas3
805 294 897 322 nam
930 293 1094 321 carmen
1126 281 1273 334 ipsum,
1307 278 1414 333 quod
1446 292 1556 322 nunc

174 362 195 388 e
222 347 406 388 manibus
433 345 616 398 elabitur,
647 348 729 384 tam
754 344 1006 383 rusticanum
1038 345 1100 381 est
1124 345 1288 394 tamque
1314 339 1556 396 impolitum,

174 414 218 449 ut
248 421 313 448 me
345 420 425 447 non
450 406 548 446 illud
576 404 624 446 ad
650 403 783 444 villam
811 403 880 442 sed
907 403 1042 455 potius
1069 415 1090 442 e
1116 400 1210 441 villa
1235 402 1396 444 mittere
1422 405 1553 455 putes.

139 468 214 510 54.
247 468 453 508 basilicam
492 467 622 506 sancti
659 464 862 517 pontificis
901 462 1227 515 confessorisque
1265 461 1429 505 Martini
1459 461 1555 502 Per-

171 533 317 582 petuus
344 530 570 581 episcopus,
596 525 858 579 dignissimus
885 529 995 564 tanto
1016 523 1307 575 prodecessore
1329 534 1554 576 successor,

172 589 341 629 multum
390 589 518 641 priori
563 598 663 639 quae
715 585 791 626 fuit
840 584 1034 624 hactenus
1085 584 1339 636 capaciorem
1381 584 1552 625 novavit.

171 661 357 702 magnum
384 652 458 702 est,
489 652 534 687 ut
560 647 707 700 ferunt,
739 658 839 698 opus
867 644 1250 698 nominandumque,
1283 643 1390 697 quod
1414 645 1456 685 in
1481 643 1552 685 ho-

171 722 309 749 norem
335 708 425 748 talis
448 709 523 748 viri
545 708 694 747 factum
720 706 811 747 talis
838 707 899 745 vir
923 706 1069 746 fecisse
1097 703 1294 746 debuerit.
1345 704 1467 745 huius
1487 716 1552 745 me

118 769 390 823 1oparietibus
430 767 653 808 inscribere
687 766 942 820 supradictus
975 765 1164 806 sacerdos
1197 765 1274 806 hoc
1305 766 1552 818 epigramma

170 829 383 884 compellit,
415 829 522 882 quod
554 827 797 880 recensebis,
830 832 874 867 ut
906 831 969 867 est
999 828 1042 866 in
1071 826 1147 880 his,
1180 837 1457 879 quaecumque
1483 825 1552 866 de-

168 892 311 945 poscit,
336 889 545 943 privilegio
573 889 751 929 caritatis
778 888 1150 940 imperiosissimus
1193 883 1231 927 5.
1253 890 1373 939 atque
1397 887 1552 927 utinam

168 951 285 991 molis
311 950 419 991 illius
439 962 625 1003 pompam
653 950 734 989 sive
762 948 927 988 donaria
947 947 1048 988 nihil
1067 947 1189 988 huius
1210 946 1396 1000 obsequii
1414 951 1553 1000 turpet

170 1011 333 1065 oblati03
362 1011 467 1063 quod
495 1022 611 1050 secus
638 1009 724 1050 fore
750 1008 971 1062 plurimum
993 1009 1127 1062 timec,
1153 1009 1235 1048 nisi
1255 1007 1425 1048 forsitan
1444 1009 1552 1048 inter

116 1081 150 1108 15
171 1074 303 1111 omnia
334 1076 501 1111 venusta
534 1072 592 1110 sic
624 1071 923 1123 epigrammatis
956 1070 1075 1109 istius
1107 1068 1277 1108 foeditas
1308 1067 1476 1123 placeat,
1506 1073 1553 1108 ut

168 1134 283 1185 niger
326 1143 475 1171 naevus
515 1130 684 1171 candido
723 1132 765 1170 in
805 1142 992 1184 corpore,
1038 1130 1108 1182 qui
1146 1128 1312 1182 quidem
1350 1127 1453 1169 solet
1492 1129 1551 1169 sic

169 1193 299 1232 facere
344 1194 470 1232 risum
516 1191 621 1244 quod
666 1192 849 1244 accipere
892 1190 1140 1243 suffragium.
1211 1189 1281 1229 sed
1321 1189 1418 1242 quid
1456 1189 1551 1230 hinc

169 1250 369 1305 amplius?
418 1265 522 1305 pone
562 1251 715 1292 fistulas
754 1253 841 1304 ipse
879 1252 1078 1305 pastorias
1118 1255 1158 1290 et
1190 1249 1340 1303 elegiae
1373 1253 1552 1304 nostrae,

169 1314 262 1366 quia
294 1313 395 1366 pede
429 1312 636 1367 claudicat,
667 1324 830 1353 manum
863 1313 1037 1365 porrige.

245 1409 406 1449 Martini
438 1421 583 1462 corpus
615 1410 710 1449 totis
743 1407 970 1449 venerabile
1003 1409 1137 1461 terris,

336 1471 378 1509 in
411 1482 488 1522 quo
521 1474 612 1522 post
643 1471 747 1509 vitae
779 1474 961 1522 tempora
994 1470 1091 1508 vivit
1121 1468 1262 1521 honor,

244 1535 398 1570 texerat
428 1530 493 1569 hic
524 1531 700 1583 primum
731 1529 889 1583 plebeio
921 1529 1105 1569 machina
1138 1528 1261 1582 cultu,

337 1603 437 1643 quae
471 1590 693 1630 confessori
724 1603 805 1630 non
838 1595 925 1630 erat
956 1602 1083 1643 aequa
1116 1601 1208 1644 su03

192 1660 212 1691 5
245 1663 319 1691 nec
353 1650 571 1690 desistebat
603 1652 709 1690 cives
743 1663 910 1690 onerare
943 1650 1098 1703 pudore

338 1710 462 1763 gloria
494 1723 635 1763 magna
667 1712 760 1765 viri,
794 1713 920 1763 gratia
950 1723 1072 1764 parva
1104 1710 1193 1751 loci.

246 1772 411 1811 antistes
445 1771 515 1810 sed
549 1772 618 1823 qui
649 1776 884 1811 numeratur
918 1777 1056 1811 sextus
1089 1771 1138 1811 ab
1170 1772 1258 1824 ipso

335 1831 492 1883 longam
523 1830 746 1884 Perpetuus
780 1831 942 1872 sustulit
974 1832 1177 1886 invidiam,

246 1893 450 1931 internum
482 1903 692 1931 removens
724 1892 873 1932 modici
905 1892 1109 1945 penetrale
1144 1890 1281 1932 sacelli

167 1960 213 1992 10
336 1951 543 2003 amplaque
575 1956 680 1991 tecta
711 1951 846 1991 levans
880 1954 1079 1992 exteriore
1113 1953 1249 2006 dom03

245 2015 537 2063 creveruntque
571 2011 689 2051 simul
721 2012 850 2052 valido
882 2012 1085 2053 tribuente
1118 2017 1287 2066 patrono

334 2073 377 2111 in
411 2072 549 2124 spatiis
582 2071 710 2126 aedis,
743 2072 926 2112 conditor
958 2075 999 2112 in
1032 2075 1201 2127 meritis,

264 2214 285 2246 6
310 2210 581 2256 prodecessore
608 2212 644 2247 L
669 2215 702 2247 et
735 2214 843 2256 (corr.
870 2214 913 2248 in
944 2213 1236 2258 praedecessore
1262 2213 1405 2260 NON,
1436 2223 1546 2260 prae-

166 2259 364 2295 decessore
391 2259 441 2295 M
447 2259 516 2295 OT
532 2260 544 2305 ΙΙ
566 2264 584 2295 7
612 2259 732 2305 priori
758 2260 846 2295 LN
854 2261 943 2297 VM
949 2262 990 2307 T,
1021 2261 1147 2308 priore
1177 2262 1276 2309 0118
1304 2273 1399 2308 opus
1425 2272 1493 2298 om.
1518 2261 1551 2298 G

166 2310 219 2354 119
246 2307 305 2343 vir
331 2318 398 2344 om.
424 2307 455 2344 Ο
474 2309 487 2353 ss
515 2311 558 2343 13
585 2306 706 2355 illius]
733 2307 854 2354 ipsius
882 2309 937 2356 C}
960 2309 1056 2346 nihil
1081 2310 1175 2357 LN,
1202 2310 1259 2346 nil
1284 2309 1442 2356 MGTn
1466 2322 1502 2346 v.
1521 2312 1545 2344 4

164 2358 257 2403 apta
284 2356 315 2392 C
337 2357 350 2400 ΙΙ
382 2367 416 2391 v.
441 2360 460 2392 7
488 2355 556 2391 illo
586 2356 664 2401 GT,
690 2356 752 2392 vel
778 2356 861 2402 ipso
888 2368 914 2393 s.
944 2358 966 2394 l.
994 2359 1079 2396 add.
1109 2359 1159 2394 ΤΞ
1190 2360 1202 2406 ΙΙ
1234 2372 1268 2396 v.
1293 2362 1336 2394 12
1363 2357 1478 2394 aedes
1504 2357 1546 2393 in

165 2403 306 2451 spaciis
335 2404 390 2448 Ol
413 2403 520 2440 aedis
546 2404 639 2450 LN,
666 2404 780 2440 aedes
806 2405 932 2441 MCT
949 2408 960 2452 ΙΙ
