1592 2612
593 135 803 174 CARMEN
828 135 909 172 VH.
1236 88 1238 101 ¹
1353 133 1443 178 283

181 244 275 294 post
305 240 427 280 etiam
458 239 667 293 princeps,
700 238 959 279 Constantius
991 238 1125 277 omnia
1156 240 1356 290 praestat,

181 298 317 341 indole
348 299 506 340 defixus
536 304 647 339 tanta
678 304 719 339 et
749 300 919 339 miratus
951 299 994 338 in
1026 299 1143 338 annis

178 361 314 414 parvis
345 359 495 413 grande
526 359 680 400 bonum
711 359 775 399 vel
806 361 850 399 in
882 371 951 399 ore
983 359 1187 411 precant1s
1220 356 1368 410 ephebi

178 420 301 461 verba
331 422 454 461 senis.
517 420 632 460 ducis
663 420 759 460 hinc
791 431 946 473 pugnas
979 424 1019 459 et
1050 418 1213 459 foedera
1244 430 1387 470 regum

83 490 153 523 215
178 481 374 536 pandere,
404 480 551 534 Roma,
583 480 693 521 libet.
755 482 876 520 variis
911 482 1075 520 incussa
1106 477 1294 532 procellis

177 541 376 582 bellorum
407 543 496 594 regi
527 541 666 581 Getico
697 545 767 581 tua
800 540 926 581 Gallia
956 541 1069 593 pacis

178 603 348 656 pignora
378 603 488 642 iussa
521 601 616 642 dare
650 606 729 655 est,
761 602 869 641 inter
900 613 1003 654 quae
1035 599 1183 640 nobilis
1217 599 1337 640 obses

177 668 240 717 tu,
271 662 500 716 Theodore‚
530 664 662 716 venis,
695 674 815 715 quem
847 674 921 714 pro
954 662 1102 714 pietate
1134 660 1356 713 propinqui

178 725 334 776 expetis
366 724 409 763 in
439 723 572 763 media
603 722 732 775 pelliti
762 723 960 775 principis
993 721 1082 761 aula

85 792 156 825 220
181 789 311 838 tutus,
342 783 475 837 Avite,
506 783 603 837 fide3
634 782 779 836 probat
808 783 885 822 hoc
917 784 996 822 iam
1028 781 1254 822 Theudoris
1281 779 1407 820 altum

178 843 407 897 exemplum
439 844 574 884 officii.
636 855 704 883 res
734 845 837 883 mira
869 847 909 883 et
940 843 1058 895 digna
1092 841 1240 895 relatu,

180 904 288 958 quod
319 905 447 945 fueris
478 904 668 958 blandus,
700 905 787 956 regi
818 903 1018 957 plac-uisse
1052 903 1188 942 feroci.

177 964 273 1005 hinc
303 972 344 1005 te
374 964 567 1017 paulatim
597 963 794 1017 praelibat
826 963 1014 1004 sensibus
1046 964 1139 1003 imis

178 1030 298 1078 atque
329 1026 451 1065 nimis
482 1024 567 1065 vult
598 1037 688 1064 esse
722 1037 857 1078 suum3
890 1024 962 1064 sed
994 1024 1154 1077 spernis
1186 1023 1360 1063 amicum

84 1093 155 1127 225
180 1085 272 1139 plus
305 1098 425 1138 quam
456 1085 682 1125 Romanum
714 1097 868 1137 gerere.
932 1089 1067 1137 stupet
1098 1083 1165 1123 ille
1197 1082 1402 1135 repulsam

178 1151 219 1187 et
248 1145 341 1199 plus
372 1146 467 1186 inde
499 1145 646 1199 places.
708 1145 884 1198 rigidum
917 1146 997 1198 sic,
1028 1144 1199 1197 Pyrrhe,
1231 1141 1396 1183 videbas

175 1205 424 1260 Fabricium,
455 1208 634 1259 ingestas
666 1207 799 1246 animo
832 1218 923 1246 cum
956 1205 1078 1245 divite
1111 1205 1214 1256 fugit

176 1279 332 1320 pauper
363 1279 482 1321 opes,
513 1279 651 1320 regem
682 1272 889 1320 temnens,
922 1266 1019 1306 dum
1051 1264 1234 1318 supplice
1267 1275 1393 1304 censu

178 1329 325 1380 pignus
357 1329 557 1367 amicitiae
589 1326 659 1366 vili
690 1327 893 1367 mendicat
924 1326 973 1366 ab
1006 1338 1115 1367 auro.

82 1395 154 1428 230
239 1388 400 1428 Aetium
431 1389 604 1441 interea,
636 1387 823 1439 Scythico
856 1388 951 1439 quia
982 1399 1102 1439 saepe
1135 1385 1269 1426 duello
1302 1389 1366 1424 est

178 1447 367 1501 edoctus,
399 1449 602 1501 sequeris3
633 1449 724 1501 qui,
757 1460 999 1500 quamquam
1031 1446 1165 1487 celsus
1196 1448 1237 1486 in
1271 1447 1408 1499 armis,

177 1507 235 1548 nil
268 1510 356 1548 sine
388 1513 427 1548 te
460 1509 602 1561 gessit,
635 1520 727 1547 cum
759 1507 933 1559 plurima
964 1512 1049 1547 tute
1083 1509 1170 1547 sine
1203 1505 1284 1546 illo.

177 1581 271 1609 nam
302 1574 394 1622 post
425 1568 645 1620 Iuthungos
678 1572 718 1608 et
748 1567 895 1608 Norica
926 1567 1030 1608 bella
1063 1567 1230 1608 subacto

178 1630 308 1669 victor
338 1628 543 1668 Vindelico
575 1627 755 1682 Belgam,
787 1627 1020 1680 Burgundio
1053 1640 1173 1680 quem
1204 1632 1299 1667 trux

82 1697 151 1730 235
178 1695 401 1743 presserat,
433 1688 604 1729 absolvit
634 1690 796 1729 iunctus
828 1688 915 1728 tibi.
978 1690 1154 1728 vincitur
1186 1687 1269 1727 illic

179 1762 302 1791 cursu
333 1749 528 1803 Herulus,
560 1749 725 1789 Chunus
758 1748 899 1789 iaculis
932 1748 1192 1800 Francusque
1223 1751 1380 1801 natatu,

179 1810 413 1851 Sauromata
446 1810 594 1863 clipeo,
626 1809 758 1850 Salius
783 1809 904 1862 pede,
936 1809 1036 1849 falce
1070 1808 1266 1862 Gelonus,

178 1870 344 1911 vulnere
376 1870 439 1910 vel
472 1871 506 1909 si
538 1871 630 1923 quis
662 1869 831 1923 plangit,
864 1871 930 1910 cui
962 1870 1080 1909 flesse
1113 1870 1230 1909 feriri
1261 1873 1323 1908 est

179 1943 225 1971 ac
256 1931 364 1971 ferro
396 1942 606 1983 perarasse
638 1942 760 1982 genas
798 1930 990 1982 vultuque
1021 1931 1170 1970 minaci

82 1999 152 2032 240
178 1991 301 2032 rubra
333 1992 767 2043 cicatricumrvestigia
798 1990 1011 2030 defodisse.

241 2051 393 2092 Illustri
425 2053 505 2091 iam
536 2056 622 2091 tum
655 2051 826 2091 donatur
858 2050 990 2092 celsus
1022 2050 1188 2090 bonore.

180 2124 396 2165 squameus
429 2117 469 2152 et
500 2110 633 2151 rutilis
665 2113 896 2151 etiamnunc
928 2111 1047 2150 livida
1079 2112 1216 2150 cristis

179 2185 248 2213 ora
281 2185 427 2225 gerens
458 2173 523 2212 vix
556 2184 665 2212 arma
697 2172 860 2212 domum
894 2171 1098 2212 sordentia
1130 2172 1275 2211 castris

155 2280 225 2313 212
253 2278 293 2312 et
311 2288 379 2314 om.
401 2277 451 2313 M
465 2278 477 2322 ΙΙ
496 2278 568 2311 214
591 2287 717 2312 rerum
738 2276 882 2322 GTFn
901 2278 972 2311 220
997 2274 1192 2311 theodoris
1209 2274 1303 2320 MC,
1328 2274 1437 2312 theo·

59 2324 174 2361 dorus
202 2325 285 2361 ΤΕ
303 2327 316 2370 ΙΙ
341 2328 412 2361 224
437 2323 551 2359 nimis
576 2336 654 2372 eqo,
679 2323 816 2360 animis
842 2325 944 2361 codd.
978 2326 990 2366 ΙΙ
1022 2326 1092 2359 230
1119 2322 1185 2369 qui
1212 2323 1330 2360 OTF
1350 2326 1356 2369 Ι
1378 2324 1438 2360 est.

57 2384 127 2410 om.
147 2373 198 2411 M
223 2376 236 2419 ΙΙ
267 2377 337 2409 232
363 2374 446 2409 tute
473 2373 565 2409 Iaso.
591 2373 770 2409 Mueller:
800 2375 842 2408 tu
869 2373 920 2408 Μ
926 2371 1050 2414 GTF,
1082 2373 1127 2406 tu
1151 2384 1189 2418 p.
1215 2383 1330 2418 saepe
1357 2384 1385 2409 s,
1411 2372 1437 2410 i.

58 2422 137 2459 cod.
164 2422 371 2459 Helmstad.
390 2423 403 2468 ΙΙ
422 2425 492 2458 238
518 2420 624 2457 feriri
651 2421 772 2469 GaF]
797 2420 921 2467 perire
947 2420 998 2456 M
1003 2419 1099 2457 GbT
1115 2421 1128 2467 ΙΙ
