1592 2612
140 92 226 163 1'58
609 115 757 154 LIBER
783 113 1037 152 SEPTIMUS.

137 223 266 274 ipsius
292 224 360 260 aut
379 218 579 259 cathedris
600 221 669 257 aut
692 215 965 257 tribunalibus
990 214 1296 268 praesederunt.
1334 213 1523 255 inlustris

137 283 186 321 in·
211 286 380 333 utraque
413 279 717 319 conversatione
749 277 936 330 prosapia
966 280 1035 316 aut
1060 275 1264 328 episcopis
1289 274 1428 315 floruit
1451 278 1524 316 aut

137 341 369 394 praefectis:
414 341 468 379 ita
513 350 675 391 semper
717 338 885 377 huiusce
923 335 1146 376 maioribus
1185 339 1255 376 aut
1297 335 1521 376 humanum

138 406 205 442 aut
237 401 414 441 divinum
447 399 598 439 dictare
632 400 695 438 ius
728 399 821 438 usui
852 397 939 449 fuit.
1005 394 1073 438 18.
1108 397 1143 436 si
1173 408 1270 436 vero
1302 408 1520 450 personam

101 475 117 501 5
139 474 251 502 suam
270 465 441 501 tractatu
462 458 741 499 consiliosiore
762 470 992 511 pensemus,
1018 458 1248 497 invenimus
1268 469 1358 497 eam
1377 462 1521 497 tenere
1586 506 1592 512 ¹

137 523 227 562 istic
266 523 371 561 inter
410 519 649 572 spectabiles
687 520 915 571 principem
947 517 1092 558 locum.
1157 517 1227 567 sed
1260 517 1396 558 dicitis
1427 518 1521 558 iure

135 581 378 622 Eucherium
405 585 444 620 et
462 579 736 633 Pannychium
756 578 950 619 inlustres
969 578 1111 618 haberi
1132 579 1383 631 superiores:
1410 572 1517 632 quod

135 641 326 682 hactenus
365 653 434 681 eos
474 645 559 681 esto
591 645 770 693 putatos,
809 639 880 679 sed
912 644 1169 692 praesentem
1204 640 1285 679 iam
1317 638 1436 679 modo
1468 637 1518 678 ad

135 715 295 742 causam
327 701 385 741 illi
417 714 466 742 ex
499 713 651 741 canone
683 713 764 740 non
796 701 1080 754 requiruntur,
1120 700 1191 752 qui
1222 698 1339 740 ambo
1372 698 1422 740 ad
1454 710 1517 739 se-

81 777 114 803 10
135 763 284 803 cundas
317 763 477 815 nuptias
512 763 772 802 transierunt.
837 762 872 800 si
903 773 1030 800 annos
1062 761 1192 813 ipsius
1225 764 1520 814 computemus,

133 822 252 863 habet
285 823 501 862 efficaciam
535 822 584 862 de
617 823 837 875 iuventute,
870 820 919 861 de
952 825 1161 861 senectute
1195 820 1423 861 consilium.
1481 821 1518 860 si

54 904 56 907 ·
132 882 286 924 litteras
319 883 380 923 vel
413 884 620 935 ingenium
652 882 928 936 conferamus,
960 887 1090 922 certat
1120 886 1264 923 natura
1296 881 1516 922 doctrinae.

136 942 201 984 19.
236 945 271 983 si
311 943 537 984 humanitas
575 942 820 995 requirenda
859 947 938 997 est,
984 944 1062 983 civi
1100 942 1249 983 clerico
1287 942 1519 997 peregrim,

134 1005 311 1044 minimo-
330 1005 598 1057 maximoque,
637 1005 757 1043 etiam
791 1015 912 1056 supra
946 1003 1230 1043 sufficientiam
1264 1003 1444 1057 offertur,
1475 1006 1518 1042 et

79 1078 114 1104 15
134 1077 250 1104 suum
284 1066 444 1117 saepius
475 1076 621 1117 panem
653 1063 719 1104 ille
752 1065 901 1118 potius,
935 1065 1004 1117 qui
1035 1076 1118 1104 non
1151 1067 1238 1104 erat
1267 1063 1517 1117 redditurus,

114 1126 301 1177 ‘agnovit
354 1127 389 1165 si
420 1126 642 1165 necessitas
675 1124 929 1177 arripiendae
962 1124 1176 1177 legationis
1202 1123 1400 1178 incubuit,
1432 1135 1516 1164 non
1544 1169 1546 1171 v

132 1185 198 1225 ille
238 1185 362 1225 semel
399 1198 471 1238 pro
510 1185 584 1225 bac
623 1187 782 1225 civitate
822 1186 934 1225 stetit
971 1184 1034 1225 vel
1073 1189 1164 1225 ante
1203 1183 1365 1238 pellitos
1396 1196 1516 1236 reges

131 1245 193 1285 vel
226 1251 316 1286 ante
348 1247 554 1298 principes
585 1250 840 1299 purpuratos.
886 1247 922 1285 si
948 1245 1179 1300 ambigitur,
1212 1257 1291 1298 quo
1318 1246 1515 1297 magistro

132 1306 372 1346 rudimentis
411 1306 506 1346 fidei
544 1306 666 1346 fuerit
697 1305 895 1347 imbutus:
933 1311 979 1347 ut
1015 1305 1327 1360 proverbialiter
1357 1304 1515 1359 loquar,

77 1380 113 1405 20
133 1366 259 1406 domi
302 1366 471 1407 habuit
514 1367 638 1407 unde
681 1367 916 1407 disceret.
981 1365 1050 1408 20.
1088 1371 1296 1420 postremo
1334 1367 1413 1406 i'ste
1452 1370 1515 1406 est

132 1426 218 1480 ille,
262 1428 477 1480 carissimi,
523 1429 588 1467 cui
632 1429 672 1469 in
717 1427 899 1467 tenebris
938 1426 1255 1481 ergastularibus
1293 1427 1515 1467 constituto

132 1486 407 1539 multipliciter
438 1487 623 1528 obserata
660 1488 861 1528 barbarici
899 1490 1075 1528 carceris
1114 1488 1307 1528 divinitus
1339 1486 1515 1528 claustra

131 1553 357 1600 patuerunt.
420 1549 560 1603 istum,
599 1553 644 1588 ut
675 1549 919 1603 audivimus,
957 1553 1040 1589 tam
1073 1561 1214 1590 socero
1247 1560 1368 1602 quam
1398 1551 1515 1601 patre

132 1610 365 1660 postpositis
410 1609 458 1648 ad
498 1609 766 1649 sacerdotium
805 1609 899 1650 duci
941 1614 1128 1663 oportere
1166 1608 1515 1662 vociferabamini;

78 1680 111 1706 25
134 1681 211 1720 quo
256 1669 417 1721 quidem
460 1672 642 1723 tempore
686 1669 908 1722 plurimum
958 1670 1088 1710 laudis
1133 1670 1298 1710 domum
1342 1667 1514 1723 rettulit,

133 1729 290 1780 quando
321 1729 512 1770 honorari
543 1735 756 1783 parentum
788 1730 930 1771 maluit
961 1731 1155 1783 dignitate
1188 1742 1308 1783 quam
1333 1730 1511 1783 propria.

133 1786 200 1829 21.
227 1802 353 1841 paene
379 1792 631 1845 transieram,
664 1791 770 1843 quod
796 1792 1014 1843 praeteriri-
1037 1804 1118 1831 non
1146 1794 1395 1844 oportuerat..
1436 1788 1514 1830 sub

130 1848 264 1902 Moyse
298 1850 517 1903 quondam,
550 1853 654 1891 sicut
686 1851 1018 1904 psalmographus
1051 1853 1124 1907 ait,
1155 1853 1198 1892 in
1230 1850 1375 1892 diebus
1407 1851 1509 1890 anti-

133 1911 234 1963 quis,
260 1914 305 1950 ut
329 1910 579 1950 tabernaculi
605 1911 779 1951 foederis
806 1912 933 1952 forma
956 1917 1232 1967 consurgeret,
1257 1915 1367 1952 totus
1386 1910 1512 1951 Israel

77 1982 111 2007 30
131 1970 173 2008 in
198 1970 363 2010 heremo
383 1975 474 2010 ante
494 1970 738 2011 Beselehelis
761 1972 885 2024 pedes
906 1972 1085 2013 oblaticii
1105 1972 1325 2027 symbolam
1351 1983 1512 2012 coacer-

132 2108 161 2142 Ε
216 2061 456 2145 d2036'31'elnent.
483 2062 647 2109 Adelph.
672 2064 740 2109 III,
769 2068 808 2110 3,
835 2068 880 2100 59
908 2066 1019 2112 (413).
1132 2068 1178 2100 28
1210 2063 1350 2101 Psalm.
1378 2067 1443 2110 43,
1470 2066 1511 2107 23

156 2120 211 2211 ‘XO
230 2163 247 2193 1
275 2122 503 2213 ἱηύἡῗὲὲὶξθ
527 2158 690 2214 illustris
718 2160 776 2205 011
797 2165 817 2196 6
843 2161 1055 2207 principem
1076 2161 1118 2216 ’L
1132 2165 1177 2216 ‘et
1204 2163 1312 2206 (corr.
1338 2161 1382 2196 in
1404 2159 1513 2206 prin·

132 2207 1019 2302 01110223‘1g25’2a110a01zt
1054 2208 1511 2293 <ww

130 2264 208 2347 {reos
246 2314 271 2338 s.
307 2284 342 2338 l..
364 2284 450 2339 add.
476 2285 613 2350 N¹)N‚
651 2315 739 2340 vero
776 2305 818 2350 O,
858 2272 1465 2351 spectabillrviro*1i⁷i1amowitz
1498 2305 1511 2352 ΙΙ

133 2353 178 2385 17
203 2350 265 2386 vel
285 2355 370 2396 post
395 2351 506 2387 stetit
525 2364 591 2388 om.
613 2352 787 2389 NMOT
807 2356 812 2398 1
835 2356 923 2389 ante
946 2354 1101 2400 pellitos
1126 2365 1236 2402 reges
1255 2366 1284 2391 s.
1305 2355 1329 2391 l.
1350 2354 1437 2391 add.
1452 2353 1510 2388 N¹
1579 2378 1589 2382 --

130 2398 143 2446 ΙΙ
168 2401 215 2434 30
242 2399 450 2445 symbolam
474 2400 519 2446 L,
548 2399 751 2436 simbolum
780 2403 858 2447 (sed
884 2414 947 2438 um
973 2405 1016 2439 in
1041 2415 1114 2441 ras.
1136 2403 1182 2439 N
1185 2403 1263 2450 ¹)N
1265 2401 1360 2449 MC,
1385 2399 1510 2438 oblati
