1592 2612
149 111 238 154 314
673 112 880 149 CARMEN
905 111 1003 149 XIV.

147 215 312 253 tentiam
344 226 474 253 meam
506 213 774 267 discrepantia
807 215 1028 254 sentientes
1056 215 1148 255 sine
1174 214 1308 257 Marco
1334 216 1526 272 Varrone,

148 275 233 313 sine
261 274 424 328 Sereno,
450 287 530 314 non
557 274 763 328 Septimio,
791 275 860 315 sed
882 274 1149 329 Sammonico,
1177 277 1263 317 sine
1290 276 1526 334 Censorino,

147 336 216 386 qui
260 334 308 374 de
354 334 418 374 die
457 334 577 374 natali
613 335 799 376 volumen
844 334 999 375 illustre
1045 336 1238 391 confecit,
1281 349 1364 378 non
1403 350 1524 392 posse

147 394 336 434 damnari.
387 394 426 435 4.
459 395 638 435 lecturus
671 408 714 435 es
747 396 812 436 hic
845 397 966 436 etiam
997 408 1146 436 novum
1177 396 1358 452 verbum,
1389 399 1430 439 id
1461 404 1524 440 est

109 469 124 494 5
146 456 425 509 essentiam3
459 455 528 495 sed
562 457 665 496 scias
697 456 773 496 hoc
803 457 936 509 ipsum
963 456 1113 497 dixisse
1141 456 1397 514 Ciceronem3
1429 472 1523 500 nam

146 517 412 555 essentiam
444 528 518 556 nec
551 528 631 556 non
663 521 703 556 et
741 516 1035 557 indoloriam
1074 519 1312 573 nominavit,
1352 519 1522 561 addens:

145 572 254 615 ‘licet
285 577 392 615 enim
424 578 537 616 novis
569 576 691 617 rebus
723 589 824 617 nova
863 579 1026 618 nomina
1057 577 1301 634 imponere'3
1340 584 1381 620 et
1411 586 1521 621 recte

144 634 253 675 dixit.
310 648 402 676 nam
435 638 539 677 sicut
571 636 618 677 ab
653 649 711 691 e0,
745 638 851 691 quod
880 643 941 678 est
972 638 1086 679 verbi
1118 640 1244 692 gratia
1277 652 1449 694 sapere
1475 643 1542 682 'et·

143 695 452 751 intellegere,
499 699 789 750 sapientiam
829 703 868 738 et
907 699 1300 752 intellegentiam
1338 703 1521 742 nomina-

88 769 122 794 10
142 768 242 810 mus,
274 757 512 809 regulariter
539 762 578 798 et
604 757 651 798 ab
679 771 738 813 eo,
766 759 872 812 quod
900 764 962 800 est
988 772 1114 814 esse,
1147 763 1412 802 essentiam
1437 775 1520 803 non

140 820 329 857 tacemus.
380 819 514 872 igitur,
547 820 735 871 quoniam
762 821 822 860 tui
848 821 996 860 amoris
1024 820 1157 861 studio
1184 821 1375 863 inductus
1400 822 1520 863 homo

141 875 275 916 Gallus
308 877 466 918 scholae
500 879 742 932 sophisticae
782 882 984 921 intromisi
1016 883 1244 936 materiam,
1281 882 1345 923 vel
1375 887 1415 924 te
1448 895 1519 937 po-

139 938 340 977 tissimum
373 938 466 978 facti
503 941 584 979 mei
617 939 923 993 deprecatorem
961 943 1137 994 requiro.
1201 942 1260 983 illi
1291 942 1425 984 Venus
1457 943 1520 984 vel

139 997 327 1038 Amorum
355 1001 633 1040 commenticia
659 1002 863 1054 pigmenta
889 1001 1134 1057 tribuantur,
1166 1004 1232 1044 cui
1258 1003 1435 1045 defuerit
1460 1006 1519 1045 sic

85 1070 118 1095 15
138 1070 255 1109 posse
289 1058 453 1099 laudari.
511 1060 607 1101 vale.

265 1222 542 1260 PRAEFATIO
569 1224 893 1263 EPITHALAMII
918 1226 1052 1265 DICTI
1077 1227 1296 1266 POLEMIO
1323 1228 1388 1265 ET

669 1286 983 1324 ARANEOLAE.

453 1360 626 1414 Prosper
658 1364 831 1404 conubio
865 1365 951 1405 dies
985 1371 1182 1421 coruscat,

395 1433 513 1473 quem
546 1421 685 1463 Clotho
719 1426 846 1465 niveis
878 1425 1053 1478 benigna
1084 1429 1235 1482 pensis,

393 1481 505 1521 albus
539 1495 659 1535 quem
690 1486 796 1537 picei
827 1485 986 1539 lapillus
1019 1486 1120 1541 Indi,

394 1554 513 1593 quem
545 1545 656 1595 pacis
690 1545 810 1586 simul
843 1546 962 1586 arbor
995 1552 1034 1587 et
1067 1548 1251 1589 iuventae

344 1610 364 1641 5
392 1606 679 1656 aeternumque
711 1607 847 1646 virens
881 1607 981 1647 oliva
1016 1609 1159 1661 signet.

391 1663 464 1716 eia,
498 1662 686 1719 Calliope,
718 1668 872 1707 nitente
905 1667 1035 1721 palma

391 1721 440 1761 da
474 1725 577 1763 sacri
608 1724 740 1765 laticis
772 1726 1068 1783 loquacitatem,

392 1794 510 1834 quem
544 1784 643 1824 fodit
674 1786 776 1838 pede
809 1787 985 1840 Pegasus
1017 1789 1166 1829 volanti

391 1848 556 1894 cognato
589 1845 772 1886 madidus
805 1848 939 1888 iubam
972 1862 1138 1890 veneno.

322 1909 365 1941 10
392 1914 472 1941 non
504 1903 569 1944 hic
602 1906 799 1961 impietas,
831 1921 905 1949 nec
937 1910 1040 1950 hanc
1072 1909 1246 1963 puellam

391 1961 511 2002 donat
542 1965 739 2006 mortibus
772 1968 946 2010 ambitus
979 1983 1215 2025 procorum3

391 2034 471 2062 non
503 2023 568 2063 hic
602 2024 794 2067 Oenomai
827 2035 993 2070 cruenta
1025 2032 1134 2071 circo

391 2082 501 2123 audit
532 2089 646 2136 pacta
677 2086 821 2140 Pelops
854 2102 927 2130 nec
960 2092 1241 2144 insequentem

388 2142 540 2194 pallens
572 2144 843 2197 Hippomenes
876 2150 923 2189 ad
956 2152 1035 2191 ima
1067 2157 1197 2192 metae

320 2209 363 2242 15
390 2203 519 2243 tardat
552 2204 776 2247 Schoenida
808 2214 870 2248 ter
904 2211 1069 2251 cadente
1102 2224 1240 2266 pomo;

226 2344 244 2375 1
275 2341 474 2378 sentientis
507 2344 754 2382 Wilamowitz
785 2348 797 2394 ΙΙ
830 2351 850 2383 5
878 2348 923 2386 cf.
952 2349 1120 2388 Ciceron.
1146 2351 1282 2398 fragm.
1305 2354 1350 2387 16
1377 2364 1413 2397 p.
1436 2355 1507 2388 145

126 2387 226 2425 Bait.
246 2391 258 2436 ΙΙ
280 2392 323 2425 15
343 2390 430 2426 vale
450 2403 517 2428 om.
538 2393 641 2430 codd.
662 2397 674 2440 ss
694 2394 820 2440 Praef.
844 2401 863 2432 7
886 2398 983 2433 sacri
1003 2411 1069 2437 om.
1087 2399 1119 2436 G
1133 2401 1145 2446 ss
1167 2403 1209 2436 12
1231 2399 1336 2436 cirno
1357 2400 1432 2436 PT
1439 2400 1481 2437 F
1488 2402 1502 2449 ΙΙ
