1592 2612
158 113 216 157 46
622 104 771 144 LIBER
797 101 1063 142 SECUNDUS.

351 224 521 253 vernans
553 209 720 250 herbida
752 210 886 248 crusta
919 205 1172 258 sapphiratos

281 282 324 314 15
351 274 476 314 flectit
506 284 580 324 per
610 271 819 323 prasinum
850 268 998 307 vitrum
1030 265 1198 319 lapillos.

350 334 446 374 huic
477 337 538 372 est
569 332 750 384 porticus
782 328 977 382 applicata
1009 326 1156 380 triplex

352 394 556 434 fulmentis
587 391 838 444 Aquitanicis
870 388 1055 442 superba,

353 455 403 495 ad
433 455 548 494 cuius
582 452 788 505 specimen
820 450 1037 489 remotiora

355 514 548 555 claudunt
575 513 675 553 atria
705 511 886 565 porticus
920 509 1133 563 secundae,

281 584 327 615 20
355 579 394 615 et
425 585 610 626 campum
641 572 825 613 medium
852 570 992 624 procul
1025 569 1172 610 locatas

354 636 474 675 vestit
506 645 624 674 saxea
657 632 755 672 silva
785 643 859 685 per
891 630 1109 672 columnas.

351 695 446 735 hinc
478 706 599 747 agger
632 698 763 747 sonat,
795 692 891 732 hinc
922 692 1022 731 Arar
1053 690 1240 747 resultat⁸

350 756 445 796 hinc
478 767 566 795 sese
598 754 722 807 pedes
756 758 874 805 atque
908 764 1032 805 eques
1065 751 1238 792 reflectit

350 815 593 856 stridentum
625 819 665 854 et
695 813 925 854 moderator
956 812 1206 867 essedorum,

279 884 324 917 25
352 888 565 917 curvorum
597 875 692 915 hinc
725 874 872 915 chorus
903 873 1188 914 helciariorum

351 935 683 990 responsantibus
716 934 874 976 alleluia
906 936 1006 987 ripis

352 997 400 1037 ad
433 996 638 1037 Christum
670 996 774 1036 levat
806 996 1008 1035 amnicum
1041 993 1232 1034 celeuma.

354 1059 429 1111 sic,
462 1058 520 1097 sic
552 1056 731 1111 psallite,
763 1060 883 1096 nauta
915 1055 978 1095 vel
1009 1056 1155 1108 viator3

353 1129 524 1170 namque
557 1119 634 1156 iste
668 1121 729 1156 est
760 1116 872 1156 locus
906 1115 1093 1155 omnihus
1125 1114 1338 1169 petendus,

284 1185 330 1218 30
357 1190 496 1218 omnes
529 1190 606 1230 quo
639 1178 702 1217 via
735 1177 846 1217 ducit
878 1176 926 1216 ad
960 1175 1141 1216 salutem.

160 1269 200 1314 5.
239 1274 343 1315 Ecce
381 1277 498 1328 parui
540 1280 743 1329 tamquam
788 1278 923 1316 iunior
961 1277 1186 1329 imperatis:
1231 1282 1276 1317 tu
1313 1276 1432 1316 modo
1475 1276 1537 1316 fac

162 1337 398 1375 memineris
424 1336 686 1389 multiplicato
713 1349 778 1377 me
804 1337 967 1377 faenore
994 1337 1348 1392 remunerandum,
1374 1349 1534 1390 quoque

161 1395 202 1434 id
234 1395 388 1436 facilius
420 1398 551 1449 possis
585 1397 961 1452 voluptuosiusque,
995 1410 1095 1450 opus
1128 1402 1190 1438 est
1221 1403 1266 1438 ut
1298 1399 1385 1439 sine
1418 1397 1536 1438 dissi-

160 1455 378 1496 mulatione
411 1456 588 1511 lectites,
627 1459 714 1498 sine
747 1458 826 1498 fine
859 1458 1068 1513 lecturias3
1106 1471 1237 1511 neque
1269 1459 1455 1512 patiariS‚
1493 1462 1539 1498 ut

124 1526 141 1553 5
160 1519 200 1556 te
239 1515 287 1556 ab
328 1516 404 1556 hoc
440 1519 647 1570 proposito
685 1519 920 1571 propediem
953 1521 1126 1559 coniunx
1164 1519 1327 1560 domum
1365 1518 1540 1559 feliciter

161 1576 343 1617 ducenda
387 1577 588 1632 deflectat,
634 1580 769 1631 sisque
816 1579 962 1632 oppido
1006 1582 1251 1634 meminens,
1293 1580 1401 1633 quod
1443 1579 1540 1620 olim

160 1636 308 1676 Marcia
344 1636 577 1693 Hortensio,
615 1639 801 1679 Terentia
834 1639 983 1694 Tullio,
1022 1641 1236 1694 Calpurnia
1275 1640 1422 1694 Plinio,
1460 1640 1538 1680 Pu-

161 1696 326 1738 dentilla
362 1698 547 1752 Apuleio,
590 1699 823 1740 Rusticiana
862 1700 1098 1753 Symmacho
1144 1700 1372 1754 legentibus
1410 1701 1538 1741 medi-

160 1757 419 1810 tantibusque
453 1759 638 1799 candelas
671 1765 712 1800 et
745 1761 982 1801 candelabra
1008 1766 1238 1802 tenuerunt.
1290 1760 1329 1802 6.
1363 1766 1473 1801 certe
1503 1763 1538 1801 si

108 1827 142 1854 10
160 1822 321 1870 praeter
371 1821 586 1859 oratoriam
630 1820 894 1861 contubernio
940 1822 1182 1862 feminarum
1228 1823 1430 1874 poeticum
1477 1823 1538 1861 in-

162 1879 324 1930 genium
357 1883 396 1918 et
435 1881 516 1919 oris
548 1881 609 1920 tui
646 1880 782 1920 limam
814 1881 1085 1934 frequentium
1119 1881 1346 1922 studiorum
1379 1881 1537 1922 cotibus

162 1937 377 1990 expolitam
410 1941 592 1991 quereris
627 1940 807 1995 obtundi,
847 1943 1122 1997 reminiscere,
1155 1942 1260 1995 quod
1295 1955 1414 1995 saepe
1446 1955 1534 1982 ver-

162 2010 251 2038 sum
291 1997 464 2039 Corinna
510 2013 602 2040 cum
647 2013 719 2040 suo
759 2000 915 2042 Nasone
967 2003 1198 2057 complevit,
1253 2001 1400 2043 Lesbia
1443 2015 1536 2043 cum

162 2057 328 2112 Catullo,
362 2058 583 2100 Caesennia
610 2073 701 2100 cum
727 2060 944 2116 Gaetulico,
976 2063 1212 2115 Argentaria
1244 2075 1337 2103 cum
1362 2061 1536 2118 Lucano,

106 2129 142 2157 15
161 2117 330 2172 Cynthia
357 2132 447 2159 cum
473 2119 695 2175 PropertiO,
722 2121 831 2162 Delia
858 2135 949 2162 cum
975 2123 1143 2164 Tibullo.
1187 2123 1357 2177 proinde
1384 2123 1537 2176 liquido

258 2258 292 2283 v.
315 2250 360 2283 18
387 2248 579 2294 specimen
604 2249 666 2295 M,
693 2248 756 2285 vel
783 2249 948 2295 speciem
974 2263 1002 2288 s.
1030 2253 1051 2288 l.
1080 2253 1166 2289 add.
1186 2251 1250 2288 ΜΞ
1279 2254 1283 2296 Ι
1313 2250 1537 2288 remotiores

160 2294 250 2331 LN
252 2295 260 2314 ¹
270 2295 334 2331 ,Μι
358 2299 467 2337 (corr.
494 2297 537 2332 in
561 2297 769 2334 remotiora
794 2299 840 2334 N
841 2299 955 2344 73ΜΞ),
980 2312 1050 2347 quo
1071 2301 1231 2346 probato
1256 2301 1299 2336 in
1323 2312 1355 2336 υ.
1383 2311 1452 2347 seq.
1481 2312 1538 2336 se-

161 2343 287 2397 cunda
311 2346 406 2381 coni.
433 2344 509 2381 Leo
529 2347 540 2391 Η
559 2357 594 2381 v.
616 2348 662 2381 30
688 2345 810 2382 omnis
837 2346 865 2381 L
891 2349 903 2393 ΙΙ
929 2351 975 2383 10
1002 2348 1208 2384 oratoriam
1234 2349 1281 2392 L,
1307 2359 1387 2384 rem
1413 2350 1538 2384 orato-

160 2403 259 2428 nam
283 2393 376 2440 (rem
402 2404 431 2431 s.
458 2394 480 2430 l.
508 2394 594 2431 add.
622 2394 667 2430 Ν
669 2394 749 2442 ¹)N
752 2395 800 2431 M
807 2394 895 2442 OT,·
926 2408 978 2434 an
1003 2396 1235 2434 oratorium?
1261 2396 1502 2444 Luetjoha‘nn
1527 2397 1539 2446 ΙΙ
