1592 2612
149 129 206 171 26
648 124 795 160 LIBER
819 122 1014 159 PRIMUS.

149 229 344 283 iacebam,
389 241 465 281 qua
502 227 714 280 purpurati
751 224 854 265 latus
893 223 1048 277 laevum
1085 223 1267 275 margine
1299 223 1340 263 in
1379 222 1523 264 dextro

148 289 437 343 porrigebatur.
504 286 569 328 11.
603 286 781 327 edulium
813 284 936 324 multa
968 288 1081 337 parte
1115 283 1228 324 finita
1255 282 1440 324 Caesaris
1472 283 1522 324 ad
1548 337 1550 339 ,

149 349 353 390 consulem
393 361 523 389 sermo
563 348 768 400 dirigitur,
807 347 922 398 isque
963 346 1211 399 succinctus3
1256 343 1351 384 inde
1390 343 1524 385 devol-

148 412 255 450 vitur
285 410 334 450 ad
366 408 633 462 consularem3
679 419 771 447 cum
809 418 887 458 quo
928 418 1046 458 saepe
1084 406 1301 459 repetitus,
1347 406 1442 458 quia
1474 404 1523 445 de

112 481 129 508 5
148 470 294 510 litteris
326 470 464 523 factus,
500 469 547 509 ad
579 470 710 508 virum
742 466 955 507 inlustrem
987 465 1199 506 Camillum
1231 478 1280 506 ex
1313 466 1524 506 occasione

147 530 403 583 transfertur,
447 531 488 569 in
529 533 685 569 tantum
722 532 766 568 ut
805 527 957 567 diceret
994 528 1203 580 princeps:
1248 523 1523 570 ‘vere.habes

147 596 350 644 patruum,
388 590 511 630 frater
543 589 725 642 Camille,
763 592 929 641 propter
968 599 1089 640 quem
1126 599 1191 628 me
1223 585 1399 627 familiae
1431 591 1523 627 tuae

148 650 397 691 consulatum
446 662 571 690 unum
616 648 792 702 gratuler
843 644 1092 688 contulisse?
1167 652 1264 688 tunc
1315 647 1402 702 ille,
1455 648 1525 700 qui

148 710 276 751 simile
310 710 459 763 aliquid
492 715 664 764 optaret,
701 715 882 762 tempore
915 710 1095 749 invento:
1134 705 1232 749 ‘non
1267 705 1423 764 unum',
1461 709 1522 748 in-

96 783 129 808 10
149 773 245 825 quit,
278 768 454 811 ‘domine
487 771 675 824 Auguste,
714 770 784 810 sed
816 766 1021 822 primum'.
1086 781 1244 810 summo
1277 769 1450 823 fragore,
1480 773 1527 809 ut

146 843 220 871 nec
258 831 425 884 Augusti
463 833 688 871 reverentia
727 830 961 884 obsisteret,
1006 835 1172 883 excepta
1211 830 1412 870 sententia
1451 834 1525 870 est.

149 890 214 932 12.
247 891 339 931 inde
381 893 518 932 nescio
560 891 657 944 quid
695 891 911 931 Athenium
954 892 1210 944 interrogans
1250 891 1526 944 superiectum

146 951 362 992 Paeonium
388 951 638 1005 compellatio
665 951 841 1004 Augusta
873 953 1094 1005 praeteriit,
1127 964 1300 992 casu·an
1326 950 1526 991 industria

146 1013 298 1064 ignoro.
362 1012 467 1065 quod
500 1025 591 1053 cum
622 1014 798 1065 turpiter
828 1011 1026 1052 Paeonius
1060 1024 1179 1065 aegre
1211 1011 1384 1066 tulisset,
1418 1010 1525 1065 quod

95 1081 129 1108 15
148 1072 223 1112 fuit
242 1074 411 1127 turpius,
432 1072 668 1125 compellato
689 1077 846 1113 tacente
867 1073 1085 1126 respondit.
1126 1072 1296 1113 subrisit
1307 1072 1526 1127 Augustus,

146 1137 192 1172 ut
223 1138 307 1172 erat
339 1134 574 1173 auctoritate
608 1138 780 1187 servata,
818 1146 909 1173 cum
950 1146 992 1174 se
1026 1134 1302 1174 communioni
1334 1132 1526 1187 dedisset,

146 1194 226 1232 ioci
245 1192 399 1247 plenus,
430 1206 503 1246 per
529 1206 649 1246 quem
675 1194 913 1234 cachinnum
931 1207 1014 1234 non
1035 1196 1170 1235 minus
1190 1193 1335 1246 obtigit
1353 1193 1525 1238 Azhenio

147 1253 364 1306 vindictae,
403 1266 521 1306 quam
554 1255 788 1307 contigisset
820 1256 1003 1295 iniuriae.
1068 1254 1221 1308 colligit
1257 1256 1394 1307 itaque
1435 1266 1524 1294 sese

147 1312 448 1354 trebacissimus
481 1327 603 1354 senex
643 1320 699 1368 et,
737 1320 781 1355 ut
820 1327 981 1368 semper
1019 1317 1266 1356 intrinsecus
1292 1319 1420 1356 *aestu
1451 1327 1524 1368 pu—

96 1384 131 1410 20
151 1373 260 1413 doris
293 1374 606 1429 excoquebatur,
645 1388 717 1416 cur
749 1375 827 1415 sibi
858 1375 1056 1416 Paeonius
1095 1376 1386 1417 anteferretur:
1427 1371 1525 1416 ‘non

146 1430 300 1488 miror',
332 1435 479 1488 inquit,
513 1432 723 1490 ‘Auguste,
762 1437 796 1476 si
828 1436 926 1476 mihi
959 1437 1092 1478 standi
1123 1436 1257 1477 locum
1288 1437 1523 1490 praeripere

148 1499 326 1548 conetur,
359 1496 428 1547 qui
458 1495 533 1534 tibi
564 1496 753 1537 invadere
786 1509 867 1537 non
894 1497 1098 1538 erubescit
1124 1497 1329 1551 loquendi.
1384 1494 1450 1538 13.
1485 1501 1526 1537 et

146 1555 207 1593 vir
237 1553 405 1594 illustris
439 1554 730 1596 Gratianensis:
769 1554 964 1612 ‘multus’,
996 1559 1141 1613 inquit,
1173 1555 1265 1598 ‘hoc
1297 1559 1430 1611 iurgio
1464 1570 1526 1598 sa-

146 1615 273 1654 tiricis
316 1627 480 1668 campus
522 1614 728 1669 aperitur.9
791 1618 855 1658 hic
899 1620 1119 1671 imperator
1163 1619 1212 1659 ad
1257 1631 1322 1659 me
1367 1619 1525 1659 cervice

93 1684 127 1711 25
147 1686 354 1715 conversa:
388 1672 550 1731 ‘audio',
576 1678 642 1731 ait,
669 1674 819 1718 ecomes
841 1678 993 1732 Sidoni,
1020 1679 1127 1732 quod
1155 1681 1319 1720 satiram
1340 1675 1525 1720 scribas'.

147 1731 203 1774 ‘et
235 1731 336 1789 ego',
368 1737 542 1791 inquam,
575 1733 664 1778 ‘hoc
691 1738 821 1792 audio,
854 1739 1014 1780 domine
1041 1737 1261 1793 princeps.'
1313 1744 1411 1780 tunc
1443 1738 1525 1794 ille,

147 1794 216 1834 sed
250 1795 403 1836 ridens:
437 1793 570 1849 ‘parce
597 1797 659 1837 vel
685 1796 829 1839 nobis?
894 1797 950 1839 ‘at
977 1797 1080 1854 ego',
1112 1802 1290 1855 inquam,
1324 1797 1449 1853 ‘quod
1475 1799 1524 1840 ab

147 1854 311 1895 inlicitis
349 1861 549 1911 tempero,
586 1858 685 1897 mihi
724 1856 898 1911 parc0.'-
935 1865 1027 1913 post
1066 1873 1166 1913 quae
1206 1860 1292 1901 ille:
1331 1858 1389 1902 ‘et
1426 1859 1525 1914 quid

147 1915 338 1955 faciemus
369 1914 463 1970 his',
496 1918 638 1972 inquit,
673 1915 758 1971 ‘qui
783 1924 822 1959 te
850 1915 1097 1961 lacessuntP'
1131 1926 1170 1961 et
1197 1934 1290 1974 ego:
1323 1918 1526 1975 ‘quisquis

92 1985 128 2012 30
147 1980 208 2014 est
239 1977 328 2030 iste,
366 1976 525 2016 domine
559 1979 789 2033 imperator,
827 1979 987 2033 publice
1022 1987 1201 2022 accuset:
1242 1983 1277 2022 si
1314 1981 1524 2034 redargui-

145 2047 248 2089 mur,
281 2035 413 2076 debita
444 2036 601 2078 luamus
635 2039 830 2092 supplicia
863 2043 1053 2097 convicti3
1087 2047 1267 2093 ceterum
1300 2041 1458 2082 obiecta
1490 2043 1527 2082 si

146 2107 226 2135 non
252 2096 559 2149 inprobabiliter
585 2101 888 2155 cassaverimus,
915 2114 998 2156 oro,
1029 2107 1074 2142 ut
1099 2102 1260 2143 indultu
1287 2101 1524 2143 clementiae

165 2258 173 2266 ι
207 2258 215 2266 ·
243 2214 262 2246 1
289 2211 442 2248 laevum
467 2213 570 2249 latus
600 2214 657 2260 011
684 2219 728 2250 10
749 2221 836 2262 post
860 2216 1009 2264 fragore
1037 2219 1103 2266 leq.
1131 2218 1188 2254 ita
1213 2220 1256 2255 in
1283 2219 1318 2255 Τ
1343 2220 1356 2265 ΙΙ
1386 2220 1430 2254 17
1459 2229 1526 2264 op-

143 2260 237 2306 tigit
256 2260 343 2307 LV,
371 2261 512 2316 obtigit
531 2263 587 2308 M,
616 2262 749 2309 attigit
772 2264 840 2300 OT
856 2267 868 2311 ΙΙ
887 2269 932 2301 22
959 2278 1004 2303 ecc
1030 2266 1222 2303 erubescit
1246 2278 1300 2314 sp.
1322 2269 1345 2303 3
1366 2267 1390 2303 l.
1410 2278 1443 2304 v.
1471 2266 1526 2302 cit]

144 2319 211 2344 om.
239 2308 276 2344 L
294 2311 306 2356 ss
331 2312 376 2344 23
402 2321 461 2364 yn·
486 2312 518 2357 (r
542 2315 586 2347 ut
610 2323 642 2348 v.
670 2323 761 2348 eras.
784 2313 853 2356 L2)
882 2316 950 2360 (sp.
973 2317 997 2351 7
1022 2316 1045 2352 l.
1065 2320 1116 2355 v.)
1142 2315 1258 2351 nstris
1286 2315 1322 2351 L
1350 2316 1355 2360 Ι
1385 2314 1525 2360 satyris

143 2356 179 2391 L
197 2357 210 2402 ΙΙ
229 2359 275 2393 27
301 2357 368 2393 sed
393 2357 536 2412 ridens]
565 2358 762 2395 subridens
791 2360 823 2396 O
829 2362 863 2396 T
882 2364 886 2408 Ι
909 2362 986 2410 vel]
1014 2363 1070 2399 ait
1099 2364 1131 2400 Ο
1144 2367 1156 2411 ΙΙ
1176 2366 1220 2400 31
1249 2362 1434 2399 convictis
1454 2363 1491 2399 L
1509 2364 1522 2412 Η

145 2407 190 2440 32
217 2415 494 2442 cassaverimus
520 2418 595 2443 non
621 2407 929 2454 improbabiliter
958 2412 988 2448 G
1003 2414 1014 2458 ΙΙ
