1592 2612
605 164 898 202 PRAEFATIO.
1323 165 1449 201 XXIII

61 273 311 311 monstrante
338 267 639 321 Luetjohannus
672 272 763 320 post
794 268 978 318 expetita
1003 266 1101 306 haec
1128 265 1300 306 addidit:
1332 269 1442 307 vale-

62 343 199 380 scere,
237 331 400 370 itineris
437 327 666 379 difficultas
705 329 898 378 despecta
905 341 921 374 ;
966 326 1073 379 quod
1114 325 1446 379 additamentum,

64 391 248 444 quamvis
289 390 419 442 prima
463 389 600 441 specie
640 389 897 440 ingeniosum
934 399 1024 427 esse
1063 386 1264 439 videatur,
1308 391 1444 427 tamen

63 462 207 504 reapse
226 448 522 503 perabsurdum
549 460 640 488 esse
666 447 730 488 vel
756 460 805 488 ex
830 449 919 500 ipso
940 448 1148 487 enuntiato
1170 445 1444 499 subsequente

64 514 249 564 apparet3
280 522 373 550 nam
397 521 480 550 non
505 520 753 560 quamquam
779 507 995 548 dicendum
1021 512 1119 560 erat,
1152 506 1223 546 sed
1249 509 1445 557 quoniam

63 570 128 612 vel
157 569 303 611 melius
335 571 457 610 etiam
489 571 740 621 praesertim
777 580 882 609 cum.
944 567 1052 608 Haec
1085 568 1193 607 enim
1225 572 1287 607 est
1318 569 1445 607 totius

63 631 143 672 loci
174 632 392 671 sententia:
434 629 624 670 Sidonius
654 628 876 682 Apollinari
907 627 1142 681 gratulatur,
1175 627 1282 680 quod
1314 629 1444 680 ipsius

64 690 235 732 consilio
272 690 489 731 obsecutus
526 691 605 730 iter
646 689 846 742 quoddam
884 701 1032 741 anceps
1070 687 1291 741 distulerit3
1336 687 1444 740 quod

65 753 102 792 si
130 756 267 792 tamen
298 749 387 804 ‘pro
413 751 694 803 intempestiva
719 745 945 789 devotione'
973 750 1183 801 ingressus
1208 753 1329 802 esset,
1360 761 1445 788 me-

64 811 261 853 tuendum
286 811 425 864 fuisse,
450 823 501 851 ne
527 816 694 863 propter
719 807 962 850 ‘animorum
986 807 1269 849 matronalium
1294 810 1444 848 teneri-

63 868 264 913 tudinem'
303 871 549 912 sollemnitas
587 871 764 923 expetita
806 869 1035 923 vilesceret3
1081 881 1324 921 quamquam
1361 864 1446 924 (est

64 934 190 986 igitur
231 931 331 972 haec
375 932 639 972 correctionis
677 930 740 970 vel
778 931 1045 970 revocationis
1084 929 1211 982 figura
1250 930 1308 968 sic
1347 941 1444 969 sane

64 988 292 1047 aptissima)
323 991 433 1045 illae,
472 993 508 1031 si
539 990 636 1044 quid
669 1003 787 1030 secus
819 989 1021 1030 viantibus
1053 989 1284 1042 accidisset,
1323 988 1444 1029 laeta-

64 1058 180 1094 turae
212 1052 365 1093 fuerint
396 1064 439 1092 se
471 1050 666 1091 tolerasse
698 1052 946 1103 martyrium.
1003 1049 1062 1089 Ex
1096 1049 1170 1089 hac
1200 1050 1444 1102 interpreta-

64 1115 175 1154 tione
206 1112 248 1153 id
281 1125 441 1165 quoque
473 1112 649 1152 efficitur
681 1113 889 1164 timeretis,
925 1109 1032 1164 quod
1064 1109 1182 1162 paulo
1214 1115 1306 1149 ante
1339 1112 1382 1150 111
1414 1110 1443 1149 F

64 1179 139 1227 est,
164 1175 300 1226 inepte
327 1171 612 1225 interpolatum
638 1184 746 1225 esse3
779 1183 872 1211 nam
891 1173 934 1211 in
957 1183 1004 1211 eo
1025 1171 1114 1223 ipso
1135 1171 1267 1210 omnis
1287 1169 1445 1210 Sidonii

64 1232 293 1274 sollicitudo
324 1232 567 1286 vertebatur,
606 1231 712 1284 quod
744 1231 960 1284 metuebat,
998 1243 1049 1270 ne
1081 1230 1323 1283 Apollinaris
1355 1232 1444 1283 ipse

63 1306 138 1347 pro
170 1295 294 1334 nimia
326 1294 543 1333 securitate
581 1297 812 1345 contempto
843 1290 1024 1345 periculo
1063 1290 1324 1331 mulierculas
1363 1303 1445 1331 non

64 1356 153 1395 sine
185 1366 306 1395 causa
337 1355 476 1393 anxias
508 1352 558 1393 ad
589 1354 668 1392 iter
700 1351 799 1393 illud
829 1352 1052 1393 induceret.
1081 1374 1138 1378 -—
1164 1351 1226 1405 IV,
1254 1350 1292 1404 7,
1318 1349 1346 1391 2
1379 1364 1444 1391 re-

64 1415 181 1455 stitui
220 1415 548 1462 retractabitur;
593 1413 643 1453 cf.
675 1425 736 1466 ep.
768 1412 803 1466 I,
836 1411 883 1466 9,
915 1410 954 1454 5.
990 1435 1045 1440 —-
1077 1411 1133 1451 lb.
1161 1410 1189 1452 3
1233 1413 1337 1451 mira
1382 1418 1445 1452 est

63 1474 215 1515 locutio
246 1476 381 1525 qualis
413 1476 500 1525 ipse
530 1479 789 1523 quantusque
821 1479 896 1522 est,
936 1485 1027 1513 cum
1066 1476 1276 1525 exspectes
1308 1475 1445 1522 qualis

67 1538 154 1587 ipse
191 1547 365 1584 cumque
401 1539 662 1584 quantusque
700 1539 761 1574 est
797 1532 877 1588 vel,
919 1533 1026 1585 quod
1059 1531 1361 1585 Luetjohannus
1400 1534 1444 1573 in

65 1595 322 1635 adnotatione
354 1594 555 1647 proponit,
586 1595 721 1643 qualis
754 1596 840 1644 ipse
870 1599 1130 1643 quantusque
1156 1605 1329 1643 cumque
1362 1599 1445 1640 est;

64 1657 146 1695 nisi
177 1655 280 1695 sorte
312 1659 499 1707 putamus
532 1656 667 1704 qualis
705 1659 965 1703 quantusque
1001 1652 1194 1706 paulatim
1225 1654 1280 1692 ita
1313 1653 1445 1693 coalu-

64 1717 147 1756 isse
192 1711 261 1770 (cl'.
294 1714 461 1754 Bonnet.
494 1713 517 1753 l.
554 1713 577 1753 l.
610 1726 648 1766 p.
675 1711 746 1766 69,
776 1713 818 1767 13
853 1709 973 1769 728),
1017 1719 1062 1753 ut
1106 1715 1148 1752 in
1192 1718 1443 1753 constantem

65 1787 306 1828 semperque
350 1773 642 1814 immutabilem
683 1773 928 1814 locutionem
966 1773 1120 1813 abierit.
1162 1796 1217 1800 —
1256 1773 1317 1827 IV,
1343 1772 1389 1827 8,
1416 1772 1444 1815 3

66 1842 239 1886 eratque
282 1836 346 1875 vix
385 1840 446 1875 est
490 1835 783 1887 necessarium,
827 1846 958 1886 neque
1003 1834 1130 1886 magis
1168 1833 1220 1872 ib.
1254 1833 1282 1874 5
1321 1841 1443 1875 canto

66 1896 333 1949 probaverim.
367 1918 424 1923 -—
458 1894 518 1948 lv,
545 1892 585 1947 9,
614 1893 636 1935 1
678 1895 775 1934 item
813 1899 858 1934 ut
894 1894 955 1948 IV,
984 1893 1039 1935 13
1078 1896 1199 1933 inser.
1240 1889 1362 1948 (quae
1400 1896 1444 1934 in

65 1956 96 1996 L
128 1951 263 2011 deest)
295 1961 435 1996 contra
461 1954 754 1995 Mommsenum
784 1954 921 1995 Vectio
948 1950 1028 2010 (sic
1055 1953 1224 2006 NVMT,
1262 1955 1447 1995 Vectioni

66 2016 116 2070 C,
158 2017 286 2057 Vettio
318 2011 368 2071 L)
400 2016 561 2055 retinui,
595 2038 651 2043 —
690 2014 746 2054 lb.
779 2014 946 2054 distinxi
977 2017 1089 2055 servi
1118 2017 1238 2054 utiles
1276 2013 1447 2062 (rustici

65 2078 277 2127 morigeri,
309 2077 465 2116 urbani
495 2078 622 2116 amici
651 2076 910 2116 oboedientes
936 2081 1198 2126 patronoque
1230 2077 1445 2125 contenti).

65 2136 205 2177 Restat
236 2141 371 2176 tamen
410 2135 543 2188 aliqua
575 2134 772 2176 dubitatio
806 2135 855 2175 de
887 2135 1021 2175 verbis
1057 2141 1319 2186 patronoque
1351 2137 1442 2187 (pa-

66 2203 310 2247 tronumque
341 2197 445 2236 miro
478 2208 615 2235 errore
647 2191 699 2250 L)
732 2198 915 2236 contenti
920 2210 936 2242 ,·
974 2207 1085 2248 nam,
1124 2200 1317 2247 quantum
1348 2196 1444 2248 vidi,

65 2258 227 2310 patroni
271 2268 418 2296 nomen
463 2255 567 2308 apud
612 2255 823 2295 Sidonium
868 2267 1005 2309 saepe,
1055 2257 1090 2295 si
1134 2254 1184 2294 de
1228 2255 1443 2296 clientibus

66 2319 211 2371 agitur,
242 2318 278 2356 si
309 2316 359 2356 de
393 2317 533 2368 servis,
565 2327 785 2368 numquam
811 2321 1031 2368 usurpatur
1058 2312 1126 2371 (cs.
1154 2327 1214 2368 ep.
1235 2315 1278 2369 V,
1307 2315 1374 2370 19,
1399 2318 1443 2370 13

65 2377 127 2431 VI,
153 2376 199 2430 53
231 2376 310 2429 vll,
336 2375 376 2430 2,
402 2375 448 2429 93
481 2375 559 2428 vll,
588 2374 656 2429 17,
689 2372 750 2430 1);
788 2377 866 2415 nisi
899 2375 1108 2429 Sidonius,
1146 2378 1237 2428 quia
1271 2377 1443 2417 urbano-

65 2449 157 2478 rum
189 2449 396 2477 servorum
429 2436 612 2476 condicio
639 2436 765 2476 multo
792 2435 935 2475 melior
962 2442 1001 2475 et
1028 2435 1194 2476 liberior
1220 2443 1317 2491 erat,
1350 2437 1442 2477 ideo
