1592 2612
149 113 240 157 320
627 155 629 157 ,
686 111 893 149 CARMEN
916 111 997 148 xv.

269 216 345 256 hoc
378 227 496 269 opus,
529 219 569 254 et
601 215 636 254 si
670 213 765 266 quid
800 218 998 267 superest,
1032 213 1138 266 quod
1171 214 1337 254 numina
1368 214 1501 268 vestit,

177 284 244 316 145
272 277 474 328 virgineae
506 287 677 327 posuere
710 286 864 314 manus.
930 273 1001 314 sed
1034 275 1076 314 in
1108 274 1267 326 agmine
1298 278 1383 314 toto

270 338 377 376 inter
409 335 623 388 Cecropias
655 334 1008 387 Ephyreiadasque
1040 333 1196 387 puellas

273 395 467 436 Araneola
498 397 641 450 micat3
673 396 857 448 proprias
891 394 1075 435 conferre
1107 394 1263 435 laborat

270 458 356 509 ipsa
388 456 565 496 Minerva
596 468 738 496 manus
772 455 1019 508 calathisque
1053 456 1181 496 evicta
1212 455 1426 510 recedens,

275 529 366 557 cum
398 520 508 556 tenet
539 517 638 556 haec
669 515 788 570 telas7
820 515 904 556 vult
935 516 1034 556 haec
1066 515 1156 569 plus
1189 515 1268 556 tela
1299 520 1450 556 tenere.

180 585 247 617 150
273 577 338 616 hic
371 578 494 629 igitur
525 578 663 629 proavi
695 576 854 616 trabeas
887 578 1041 616 imitata
1073 578 1252 630 rigentes

270 637 482 690 palmatam
513 642 628 690 parat
659 638 746 690 ipsa
777 638 900 692 patri,
934 649 1011 690 qua
1044 636 1185 678 consul
1218 641 1258 678 et
1289 637 1396 678 idem

270 697 495 750 Agricolam
527 699 731 750 contingat
763 710 880 738 avum
912 697 1134 751 doceatque
1166 702 1336 751 nepotes

271 770 352 797 non
384 757 493 798 abavi
523 757 673 812 solum,
706 758 776 798 sed
810 759 872 798 avi
905 770 1065 811 quoque
1098 760 1265 811 iungere
1297 758 1438 799 fasces.

271 823 454 858 texuerat
484 823 619 858 tamen
652 823 691 858 et
724 818 972 873 chlamydes,
1006 818 1153 871 quibus
1185 818 1252 859 ille
1291 820 1485 872 magister

180 887 245 919 155
272 891 345 931 per
377 879 626 919 Tartesiacas
659 884 900 932 conspectus
934 879 1139 932 splenduit
1169 879 1292 920 urbes

272 943 311 978 et
344 939 489 991 quihus
522 941 702 992 ingestae
736 939 810 980 sub
842 945 1025 993 tempore
1058 940 1335 993 praefecturae

271 1001 512 1052 conspicuus
545 1005 702 1040 sanctas
734 1000 867 1040 reddit
900 1013 943 1040 se
975 1000 1162 1054 praesule
1194 1000 1315 1053 leges.

272 1064 444 1099 attamen
477 1062 518 1100 in
549 1060 687 1100 trabea
720 1066 927 1114 segmento
959 1061 1111 1101 luserat
1142 1061 1240 1115 alto,

273 1120 378 1172 quod
411 1122 557 1173 priscis
589 1121 745 1161 illustre
778 1123 890 1162 toris.
953 1121 1149 1162 Ithacesia
1181 1123 1359 1175 primum

178 1189 244 1221 160
272 1179 403 1220 fabula
429 1180 681 1234 Dulichiique
715 1182 819 1222 lares
852 1182 1076 1222 formantur
1109 1186 1149 1222 et
1180 1184 1310 1235 ipsam

270 1240 509 1293 Penelopam
541 1242 675 1282 tardas
708 1244 810 1283 texit
841 1243 1044 1283 distexere
1078 1242 1188 1296 telas.

271 1301 478 1341 Taenaron
509 1302 575 1342 hic
608 1303 756 1343 frustra
788 1303 851 1343 bis
883 1308 998 1356 rapta
1030 1304 1201 1356 coniuge
1232 1302 1365 1356 pulsat

272 1361 403 1401 Thrax
435 1362 599 1416 fidibus,
631 1363 761 1416 legem
792 1369 1005 1417 postquam
1037 1365 1250 1404 temeravit
1280 1363 1447 1418 Averni,

272 1426 311 1460 et
342 1422 534 1474 prodesse
566 1428 712 1476 putans
745 1426 893 1465 iterum
924 1437 1007 1464 non
1039 1425 1208 1477 respicit
1239 1423 1435 1464 umbram.

177 1489 243 1521 165
270 1481 334 1521 hic
367 1487 481 1522 vovet
512 1483 668 1524 Alceste
701 1485 878 1537 praelato
913 1486 1083 1538 coniuge
1116 1486 1239 1525 vitam

271 1554 477 1597 rumpere,
510 1556 628 1596 quam
656 1558 797 1585 cernas
829 1545 1046 1586 Parcarum
1077 1545 1224 1586 vellere
1257 1546 1299 1584 in
1331 1545 1420 1598 ipso

268 1602 445 1642 nondum
476 1611 684 1656 pernetam
717 1606 796 1645 fato
830 1611 1007 1646 restante
1040 1606 1180 1646 salute.

272 1662 338 1702 hic
370 1675 448 1702 nox
480 1668 663 1704 natarum
696 1666 820 1706 Danai
852 1666 1011 1707 lucebat
1042 1668 1085 1706 in
1117 1678 1214 1706 auro
1225 1698 1237 1721 7

272 1724 559 1776 quinquaginta
591 1738 709 1765 enses
742 1729 899 1779 genitor
932 1726 1078 1780 quibus
1110 1728 1259 1779 impius
1292 1730 1401 1779 aptat

178 1790 244 1822 170
272 1789 312 1822 et
344 1783 409 1823 dat
441 1785 680 1826 concordem
713 1786 914 1827 discordia
946 1790 1055 1828 iussa
1087 1787 1284 1842 furorem3

272 1842 381 1882 solus
413 1844 721 1897 Hypermestrae
754 1853 936 1888 servatus
968 1860 1136 1888 munere
1169 1847 1352 1900 Lynceus

274 1903 429 1957 effugit3
463 1907 632 1957 aspicias
666 1906 774 1946 illam
807 1908 884 1948 sibi
916 1921 1037 1961 parva
1068 1912 1281 1961 paventem

275 1967 314 2002 et
346 1976 418 2015 pro
453 1965 618 2005 dimisso
652 1971 807 2007 tantum
838 1969 987 2021 pallere
1020 1970 1176 2008 marito.

273 2024 431 2076 iamque
465 2024 598 2065 Iovem
629 2028 671 2066 in
704 2028 851 2068 formas
884 2034 1029 2084 mutat,
1062 2028 1210 2081 quibus
1242 2028 1309 2069 ille
1341 2033 1480 2069 tenere
1510 2030 1516 2036 '

249 2154 319 2186 144
344 2151 501 2187 numina
533 2153 801 2201 Wilamowz‘tss
832 2156 988 2192 nomina
1014 2158 1118 2194 codd.
1154 2160 1159 2203 Ι
1193 2157 1312 2193 vestit
1336 2155 1397 2192 vel
1423 2155 1529 2192 nesci

151 2198 216 2244 011
243 2202 308 2234 151
337 2198 457 2247 idem]
484 2200 567 2247 ipse
593 2204 700 2239 malit
724 2203 964 2250 Luetjohann
995 2208 1006 2252 ΙΙ
1041 2211 1108 2242 152
1136 2205 1346 2252 coniungat
1371 2204 1497 2241 PTF
1518 2204 1530 2252 Η

153 2250 221 2283 158
247 2248 333 2292 fort.
362 2248 518 2284 trabeae
545 2250 785 2296 Luetjohann
804 2253 815 2298 Η
842 2256 906 2288 161
935 2254 1149 2300 penelopen
1176 2254 1211 2289 T
1235 2255 1247 2299 ΙΙ
1278 2258 1347 2290 166
1372 2253 1530 2300 vellere]
1586 2258 1592 2260 ’

151 2294 316 2331 stamine
344 2296 379 2331 T
404 2297 415 2342 [Ι
436 2300 503 2332 167
532 2298 656 2334 salute
683 2300 884 2336 Buecheler
911 2303 973 2346 (cf.
998 2302 1132 2339 Claud.
1152 2302 1236 2347 III,
1255 2305 1329 2338 157
1355 2300 1530 2347 quamvis

149 2343 354 2379 Parcarum
378 2347 570 2381 restarent
596 2346 690 2392 fila);
720 2348 883 2384 salutem
903 2351 1005 2387 codd.
1030 2353 1234 2397 (Praeterea
1255 2350 1336 2387 fate
1359 2349 1425 2396 0);
1449 2349 1532 2385 fato

151 2393 374 2438 praestante
401 2393 563 2430 salutem
589 2396 696 2442 vulyo
716 2397 728 2442 ss
