1592 2612
607 137 898 175 PRAEFA'HO.
1359 137 1445 173 XIX

63 243 233 297 propius
276 241 453 294 accedit,
494 241 549 280 ita
591 239 770 280 scribere
812 251 934 280 ausus
978 251 1078 279 sum.
1118 261 1173 266 —-
1214 238 1269 278 lb.
1302 238 1447 292 Engel-

63 302 239 343 breehtii
271 302 544 342 coniecturam
577 296 621 357 (l.
648 300 671 340 l.
699 313 736 353 p.
769 295 842 355 13)
875 311 994 350 quem
1020 311 1102 340 non
1129 302 1238 348 velis,
1270 304 1315 339 ut
1341 311 1443 352 quae

64 375 114 404 ex
147 362 332 403 codicum
372 362 572 414 scriptura
610 360 767 402 facilius
807 359 899 400 elici
937 361 1067 413 possit
1105 354 1307 415 (vellimus
1339 361 1382 399 in
1413 359 1445 399 L

23 473 26 476 ‚
64 428 127 464 est
165 435 227 476 ep.
254 421 326 475 111,
350 420 399 475 4,
425 416 493 476 2),
537 420 805 474 Luetjohanni
846 420 1121 460 emendationi
1161 432 1279 470 quem
1320 422 1448 461 nolles

63 481 250 537 praetuli.
278 505 335 511 —
361 481 417 522 lh.
439 479 465 523 8
499 484 620 522 elutis
645 494 726 522 non
752 483 794 521 in
821 483 968 530 exutis,
1003 480 1109 533 quod
1135 479 1446 533 Engelbrechtio

62 543 207 597 placet,
238 542 475 583 mutandum
507 547 581 582 est.
639 542 740 582 Nam
773 540 922 593 singuli
955 541 1147 594 deinceps
1179 540 1327 593 gradus
1360 540 1445 580 offi-

63 606 220 644 ciorum
262 602 532 655 exequialium
576 607 882 656 enumerantur,
927 603 1083 654 primus
1122 600 1301 654 eluendi,
1346 600 1447 641 alter

62 663 276 718 vestiendi,
314 664 459 703 tertius
490 662 700 717 [humandi.
734 685 790 690 -—
823 662 878 702 lb.
907 660 933 702 9
973 661 1022 702 de
1057 664 1380 713 spectatissimus
1410 674 1445 701 v.

61 723 248 777 Engelbr.
277 723 300 764 l.
327 723 351 763 l.
378 736 416 776 p.
442 722 490 776 4,
523 725 592 776 qui
624 728 734 763 reete
765 727 904 762 monet
934 722 1041 762 hune
1075 720 1363 775 superlativum
1396 722 1444 762 ad

65 784 307 825 adiectivum
338 785 574 835 spectabilis
613 783 871 823 referendum
910 782 1047 823 videri.
1082 805 1138 810 —
1172 781 1242 836 III,
1269 781 1309 837 5,
1335 781 1363 823 2
1396 782 1446 822 de

62 847 192 896 ipsius
223 857 258 884 v.
286 856 346 898 ep.
373 843 402 897 I,
423 841 464 897 9,
486 842 523 884 7.
551 867 607 871 —
634 843 699 897 Ill,
728 842 766 898 7,
790 844 810 884 1
847 845 999 894 ecquid
1026 855 1301 893 numquamne
1327 844 1445 883 resti-

61 906 141 959 tui3
174 905 222 945 cf.
248 903 436 956 Engelbr.
465 903 488 943 l.
515 903 539 943 l.
566 917 604 956 p.
632 903 670 945 5.
699 927 755 931 —
788 903 843 944 lb.
871 902 899 945 3
930 916 974 944 se
999 908 1091 956 post
1117 905 1249 953 episse
1274 904 1444 957 retinui,

62 965 110 1005 cf.
136 964 324 1018 Eugelbr.
351 963 375 1004 l.
403 964 427 1004 l.
454 977 491 1016 p.
516 962 572 1004 10
604 969 644 1004 et
675 964 831 1017 Zumpt.
858 964 906 1004 ad
935 963 1015 1004 Cic.
1043 963 1092 1003 de
1119 963 1182 1002 off.
1210 962 1257 1016 H,
1283 961 1354 1017 22,
1376 962 1444 1004 78.

63 1048 119 1053 ——
152 1024 208 1065 lb.
234 1025 264 1065 4
294 1023 597 1078 Luetjohannus
628 1037 842 1077 perperam
875 1025 1057 1077 scripsit:
1090 1036 1210 1074 maye
1242 1024 1446 1073 differunt

62 1097 186 1136 quam
218 1088 468 1135 relinquunt,
501 1097 592 1125 eum
625 1088 865 1135 relinquant
895 1084 1082 1124 omnibus
1114 1084 1199 1124 fere
1233 1083 1443 1124 codicibus

60 1145 254 1186 traditum
287 1146 352 1199 sit,
387 1145 627 1185 indicativus
660 1145 782 1185 nullo.
844 1144 901 1185 De
939 1144 1016 1185 hoe
1049 1145 1305 1184 coniunctivo
1338 1144 1444 1197 apud

60 1208 194 1259 ipsum
233 1205 442 1246 Sidonium
488 1211 528 1245 et
572 1218 794 1258 aequaevos
840 1206 1060 1258 scriptores
1103 1205 1200 1245 satis
1239 1204 1443 1257 frequenti

61 1262 130 1322 (cf.
157 1267 278 1307 etiam
303 1265 425 1306 Hilar.
452 1271 501 1306 tr.
530 1278 559 1305 s.
580 1278 638 1318 ps.
666 1279 703 1319 p.
724 1264 825 1319 537,
845 1264 904 1307 22
932 1269 1027 1317 plus
1052 1267 1294 1315 significant
1318 1277 1441 1315 quam

62 1333 215 1378 ayant;
259 1326 311 1366 ib.
344 1339 381 1379 p.
410 1324 520 1381 605,
549 1324 624 1380 163
669 1326 818 1366 Novell.
852 1326 1048 1366 Theodos.
1081 1325 1198 1378 XXV,
1231 1323 1258 1365 2
1303 1328 1443 1366 laxius

59 1399 183 1438 quam
221 1382 428 1442 oporteat)
469 1388 555 1440 ipse
594 1386 762 1427 uberius
801 1388 970 1440 exposui
1008 1388 1050 1426 in
1082 1385 1296 1425 Woelfflin.
1324 1385 1441 1426 Arch.

59 1447 126 1501 VI,
150 1445 259 1501 4183
298 1447 346 1487 ef.
374 1448 496 1487 etiam
527 1446 714 1499 Engelbr.
741 1447 765 1487 l.
793 1447 816 1487 l.
850 1460 887 1500 p.
916 1445 954 1487 6.
989 1469 1045 1474 —
1079 1445 1134 1486 lb.
1175 1448 1307 1486 eorda
1347 1445 1440 1486 sub-

59 1509 208 1548 iectum
250 1509 447 1547 enuntiati
489 1512 568 1560 est,
613 1513 658 1547 ut
695 1507 738 1547 E.
773 1506 915 1560 Grupii
955 1508 1187 1547 coniectura
1226 1509 1268 1546 in
1308 1509 1440 1547 corda

59 1580 139 1608 non
161 1579 361 1620 egeamus.
383 1591 439 1595 —
465 1567 530 1621 III,
551 1565 591 1621 8,
616 1567 636 1608 1
666 1580 805 1610 omnes
832 1567 927 1607 libri
952 1567 1051 1608 haec
1070 1566 1237 1607 habent:
1267 1579 1442 1608 veneror

61 1630 263 1682 antiquos,
277 1639 359 1668 non
374 1633 509 1668 tamen
525 1630 595 1677 ita,
609 1631 741 1678 utqui
753 1640 1057 1678 aequaevorum
1071 1639 1253 1668 meorum
1267 1629 1439 1668 virtutes

59 1693 132 1729 aut
151 1690 301 1732 merita
316 1693 571 1739 postponam.
603 1688 649 1728 In
670 1687 818 1741 quibus
832 1700 924 1728 cum
937 1687 1062 1727 Leoni
1084 1690 1142 1728 ita
1157 1692 1202 1727 ut
1215 1687 1439 1740 quz'displi-

59 1753 181 1802 ceret,
201 1750 260 1788 ita
281 1754 326 1788 ut
344 1750 486 1799 utique
500 1747 760 1788 scribendum
780 1760 869 1788 esse
885 1750 1054 1802 censuit,
1076 1747 1183 1801 quod
1197 1746 1440 1800 Luetjohan-

59 1821 136 1850 nus
156 1807 441 1861 comprobavit.
487 1808 565 1849 Sed
587 1808 689 1861 fugit
710 1821 803 1849 eum
818 1808 1028 1849 Sidonium
1050 1810 1184 1861 ipsum
1205 1820 1265 1860 ep.
1279 1807 1345 1861 IX,
1359 1805 1439 1861 9,5

59 1869 257 1910 seribere:
289 1871 400 1919 quod
429 1872 561 1919 maqis
582 1869 688 1920 fero,
724 1872 782 1910 ita
809 1874 956 1919 tamen,
988 1875 1035 1909 ut
1059 1871 1132 1919 qui
1156 1870 1298 1908 dicere
1324 1870 1438 1918 ἑρπο-

58 1942 163 1978 rem,
203 1941 285 1970 non
317 1934 358 1970 et
394 1931 567 1977 audire,·
606 1931 831 1982 comparari
870 1930 990 1969 etiam
1028 1933 1163 1982 potest
1195 1928 1342 1981 Symm.
1377 1940 1438 1981 ep.

58 1989 88 2044 l,
116 1989 170 2031 77
207 1985 264 2046 (p.
292 1987 369 2043 33,
398 1988 454 2030 12
469 1985 527 2045 S.)
563 1991 836 2031 Sabinianum
954 2022 962 2030 .
991 1992 1049 2030 ita
1082 1988 1355 2042 magnifacio,
1394 1995 1441 2029 ut

59 2062 159 2101 quos
192 2052 372 2090 maxime
404 2053 511 2104 eol03
551 2049 661 2090 Caes.
690 2050 738 2091 de
771 2049 861 2090 bell.
889 2049 986 2090 Gall.
1014 2049 1056 2103 V,
1084 2048 1139 2091 31
1175 2051 1315 2100 prima
1347 2051 1440 2090 luce

58 2113 120 2151 sic
153 2123 206 2151 ex
239 2112 389 2151 castris
417 2113 756 2161 proficiscuntur,
789 2117 834 2151 ut
865 2112 1012 2161 quibus
1042 2115 1146 2151 esset
1172 2121 1438 2160 persuasum.

67 2172 116 2212 Ut
146 2170 222 2211 hoc
254 2169 341 2210 loco
373 2182 455 2210 non
487 2172 787 2211 consecutivum
821 2170 892 2211 sed
919 2169 1203 2211 correlativum
1236 2181 1325 2209 esse
1357 2171 1438 2209 iam

59 2230 394 2284 Engelbrechtius
428 2227 470 2286 (1.
499 2230 522 2270 1.
549 2244 585 2284 p.
618 2227 692 2286 10)
725 2232 942 2284 perspexit.
1001 2230 1110 2277 Quae
1144 2241 1236 2270 cum
1263 2230 1317 2269 ita
1345 2231 1438 2284 sint,

59 2304 110 2332 ne
138 2290 308 2332 Geisleri
341 2291 505 2343 quidem
538 2293 769 2331 coniectura
801 2304 882 2332 non
915 2296 1063 2343 tamen,
1096 2293 1154 2331 ita
1187 2294 1233 2330 ut
1257 2292 1438 2340 quidam,

62 2385 68 2391 .
92 2385 99 2391 .
123 2385 160 2393 ..
192 2356 433 2403 postponam
479 2348 585 2406 (coll.
618 2351 717 2391 Plin.
746 2365 805 2405 ep.
833 2351 900 2404 VI,
926 2350 1002 2404 21,
1031 2346 1078 2406 1)
1122 2362 1222 2403 opus
1267 2355 1338 2390 est.
1379 2373 1435 2379 -

60 2412 184 2465 Magis
236 2410 384 2451 offendi
434 2424 552 2465 posse
604 2412 730 2452 fateor
780 2414 821 2451 in
871 2411 1113 2451 abundantia
1164 2412 1435 2465 negationum,

1164 2478 1218 2514 b*
