1592 2612
144 133 231 176 272

170 363 239 396 500

174 664 242 696 505

173 964 243 997 510

177 1267 246 1299 515

173 1566 242 1599 520

176 1867 244 1900 525

177 2167 246 2200 530

691 127 898 165 CARMEN
922 127 968 164 V.

267 235 412 274 excitat
444 232 635 284 Odrysios
669 230 716 271 ad
749 229 926 270 marcida
958 233 1146 281 tympana
1178 231 1340 280 mystas.

266 300 310 334 tu
341 298 475 333 tamen
506 292 608 331 hanc
642 291 779 331 differs
811 301 1000 343 poenam,
1034 288 1105 328 sed
1139 289 1348 341 sanguinis
1381 292 1523 328 auctor

266 355 447 407 maioris,
480 352 574 392 dum
606 352 757 405 parcis,
790 363 890 390 eras.
948 361 1029 389 non
1061 348 1229 402 pertulit
1259 347 1366 389 ultra

263 415 338 454 1100
370 425 441 466 pro
474 418 514 452 te
545 412 635 465 plus
670 416 784 452 cauta
816 423 959 450 manus
991 415 1253 462 vestrumque
1286 408 1482 462 pudorem

266 475 415 527 sprevit
446 486 519 526 pro
555 472 686 526 vobis3
718 472 841 524 primi
873 470 979 511 cadit
1010 470 1142 510 hostia
1173 468 1271 509 belli
1279 501 1291 523 ,

267 536 436 588 quisque
469 532 631 573 rebellis
664 537 760 572 erat.
823 531 1014 584 praedam
1053 542 1214 583 quoque
1253 529 1400 570 dividis
1431 528 1526 584 illis,

265 607 378 634 mens
412 594 551 634 devota
585 592 731 646 quibus
764 592 911 632 suerat:
945 603 1046 644 quae
1079 591 1222 631 territa
1255 591 1379 630 servit

271 654 470 708 exemplo,
503 653 648 706 gaudet
679 654 821 706 pretio.
884 651 1113 692 Pharsalica
1146 650 1293 692 Caesar

271 728 362 755 arva
393 719 535 767 petens
568 713 721 754 subitas
753 714 860 753 ferro
895 713 1145 766 compescuit
1177 712 1276 766 iras;

271 776 340 816 sed
373 788 444 815 sua
475 774 655 815 membra
689 786 829 814 secans
863 778 903 813 et
934 785 1077 813 causae
1110 771 1215 812 mole
1249 776 1411 812 coactus

267 836 392 889 flevit,
426 847 525 888 quos
557 836 738 888 perimit3
771 835 917 874 vestris
948 833 1047 874 haec
1078 833 1240 886 proficit
1271 833 1394 872 armis

269 896 430 936 seditio:
465 896 745 948 quodcumque
777 894 913 948 iubes,
944 895 1025 934 nisi
1055 893 1252 934 barbarus
1284 892 1413 946 audit,

270 957 335 996 hic
368 956 490 1010 cadit,
523 960 568 996 ut
599 955 715 995 miles
747 956 897 995 timeat.
961 956 1041 994 iam
1073 959 1254 1007 tempore
1286 952 1455 994 brumae

268 1017 386 1070 Alpes
418 1029 663 1056 marmoreas
696 1020 814 1068 atque
848 1016 1103 1056 occurrentia
1135 1016 1272 1054 iuncto

272 1090 365 1117 saxa
396 1076 487 1130 polo
521 1089 722 1129 rupesque
755 1077 850 1116 vitri
884 1077 1112 1128 siccamque
1144 1076 1345 1115 minantes

267 1150 339 1190 per
372 1137 557 1190 scopulos
591 1137 765 1190 pluviam
796 1138 954 1189 primus
986 1135 1087 1188 pede
1121 1136 1254 1188 carpis
1288 1138 1327 1174 et
1359 1133 1468 1174 idem

272 1197 426 1237 lubrica
458 1199 680 1250 praemisso
714 1198 850 1237 firmas
883 1198 1051 1249 vestigia
1083 1200 1213 1236 conto.

274 1262 460 1310 coeperat
492 1258 539 1297 ad
571 1259 684 1310 rupis
716 1257 895 1298 medium
928 1269 1028 1310 quae
1060 1257 1234 1296 maxima
1264 1254 1383 1295 turba
1416 1258 1479 1294 est

269 1319 427 1358 interno
462 1318 643 1370 squalere
677 1318 786 1372 gelu,
819 1317 926 1370 quod
959 1316 1060 1358 colle
1093 1317 1238 1369 supino

273 1380 410 1418 artatis
443 1378 630 1418 conclusa
662 1380 737 1418 viis
770 1383 930 1431 reptare
963 1378 1112 1430 rigenti

268 1451 348 1478 non
380 1443 535 1491 poterat
566 1438 745 1479 revoluta
778 1438 886 1478 solo:
921 1438 1003 1478 fors
1036 1450 1141 1478 unus
1174 1437 1222 1477 ab
1255 1435 1323 1476 illo

269 1500 446 1552 agmine,
479 1504 687 1539 canentem
721 1500 835 1539 cuius
869 1503 956 1539 rota
988 1500 1155 1538 triverat
1185 1496 1390 1550 Histrum,

271 1559 479 1599 exclamat:
513 1557 680 1611 ‘gladios
713 1559 816 1599 malo
850 1564 891 1599 et
924 1558 1116 1599 sollemne
1150 1559 1286 1611 quieta

270 1619 375 1672 quod
407 1620 532 1672 frigus
565 1620 613 1659 de
646 1625 775 1660 morte
807 1621 933 1674 venit3
967 1632 1054 1659 mea
1086 1623 1226 1671 torpor
1257 1618 1381 1658 inerti

268 1679 447 1720 membra
479 1681 610 1732 rigore
643 1680 757 1734 ligat,
789 1680 962 1733 quodam
993 1679 1094 1719 mihi
1126 1690 1273 1732 corpus
1306 1677 1495 1717 adustum

270 1740 431 1791 frigoris
463 1741 554 1792 igne
587 1742 702 1792 perit.
767 1741 976 1793 sequimur
1009 1741 1096 1779 sine
1129 1740 1208 1779 fine
1241 1738 1370 1778 labori

270 1801 484 1839 instantem
516 1802 719 1855 iuvenem3
753 1802 937 1854 quisquis
970 1800 1215 1840 fortissimus
1248 1798 1314 1838 ille
1348 1802 1412 1838 est

272 1865 339 1899 aut
370 1873 438 1899 rex
474 1865 541 1900 aut
572 1861 762 1915 populus,
795 1862 938 1901 castris
971 1860 1090 1900 modo
1126 1859 1286 1900 clausus
1319 1859 1455 1911 aprica

272 1919 334 1959 vel
367 1920 439 1959 sub
471 1920 574 1972 pelle
607 1923 728 1975 iacet3
761 1933 835 1961 nos
868 1922 962 1961 anni
996 1922 1189 1961 vertimus
1221 1931 1352 1959 usum.
1387 1950 1390 1954 .

273 1979 378 2031 quod
411 1980 522 2020 iubet
547 1981 629 2035 hic,
661 1981 725 2021 lex
752 1981 874 2021 rebus
901 1983 996 2035 erit3
1029 1993 1109 2021 11011
1135 1980 1311 2020 flectitur
1336 1990 1529 2031 umquam

274 2052 295 2079 a
328 2042 479 2092 coeptis
513 2041 782 2094 damnumque
815 2046 947 2095 putat,
980 2043 1015 2081 si
1046 2041 1241 2094 temporis
1273 2041 1355 2079 iras

274 2099 336 2139 vel
367 2112 439 2152 per
472 2100 614 2140 damna
647 2103 773 2141 timet.
838 2115 914 2154 qua
948 2102 1078 2141 dicam
1111 2105 1228 2154 gente
1261 2103 1460 2153 creatum,

275 2172 393 2211 quem
427 2160 570 2212 Scytha
603 2174 683 2201 11011
715 2160 875 2214 patior?
933 2163 1048 2202 cuius
1080 2161 1140 2201 lac
1173 2160 1332 2212 tigridis
1366 2159 1499 2199 infans

274 2219 454 2271 Hyrcana
488 2221 561 2260 sub
595 2234 694 2273 rupe
727 2220 859 2261 bibit?
916 2234 1017 2274 quae
1051 2221 1214 2262 sustulit
1246 2222 1369 2260 istum

275 2292 345 2318 axe
379 2292 467 2319 meo
502 2283 659 2333 gravior
685 2279 835 2321 tellus?
892 2295 942 2321 en
974 2284 1124 2322 vertice
1158 2292 1314 2321 summo

254 2410 323 2443 508
349 2406 518 2456 perimit]
546 2408 651 2445 feriit
678 2410 726 2445 M
742 2410 754 2455 ΙΙ
775 2412 844 2445 510
869 2409 959 2445 hinc
985 2410 1036 2445 M
1051 2412 1062 2457 1}
1083 2414 1151 2446 522
1179 2408 1374 2455 quondam
1395 2406 1533 2454 OPT1:
