1592 2612
122 104 387 162 mus
409 119 607 158 nomo
631 119 797 157 PAPAE
821 117 1020 157 GRAECO
1046 117 1288 156 SALUTEM.
1337 117 1425 162 207

45 228 192 278 rogatu
233 223 480 276 exorareris,
519 227 566 263 ut
607 233 834 275 perorares.
895 220 968 261 ubi
1003 225 1044 261 te
1084 221 1193 261 inter
1224 219 1428 273 spiritales

46 283 210 339 regulas
244 282 311 325 vel
343 283 529 324 forensoe
564 281 856 323 medioximum
893 281 1085 334 quiddam
1115 281 1429 335 contionantem,

48 346 200 400 qusppe
247 347 511 396 uvarumque
567 342 849 383 doctissimum
902 340 1227 395 disciplinarum,
1274 342 1430 394 pariter

49 405 199 448 erectis
241 403 431 447 sensibus
473 402 720 456 auribusque
770 404 946 443 curvatis
996 401 1291 455 ambiebamus,
1332 401 1428 442 hinc

46 477 192 520 parum
234 465 483 509 muntem
526 463 730 504 desiderio
772 467 932 517 nostro,
976 464 1070 515 quia
1113 461 1265 502 iudicio
1309 463 1426 502 satis·
1463 473 1481 499 5

47 527 219 568 fecem
263 523 308 568 ὃ.
331 524 445 566 hisee
475 524 526 565 de
557 525 691 564 causis
722 524 944 576 temperavi
974 522 1068 562 stilo
1099 521 1428 576 temperahoque,

48 586 229 629 breviter
257 584 431 639 loeutus,
459 589 507 625 ut
535 596 717 638 paream,
748 583 914 636 longum
945 584 1156 636 taciturus,
1186 586 1232 623 ut
1262 582 1426 623 discam.

49 651 146 689 sunt
168 646 222 688 de
250 650 388 688 cetero
418 650 511 686 tuae
542 650 691 699 partes,
723 644 885 684 domine
916 656 1030 697 papa.
1081 643 1288 683 doctrinae
1320 642 1427 683 salu-

48 708 151 749 taris
175 705 473 760 singularisque
498 706 667 746 victuris
693 704 886 758 operibus
905 703 1139 744 incumbere
1159 704 1276 757 satis3
1294 715 1427 756 neque

6 807 17 820 ,
49 769 173 821 enim,
201 767 387 821 quisquis
418 766 616 807 auscultat
641 764 853 806 docentem
878 770 918 805 te
945 764 1311 817 disputantemque,
1335 763 1427 817 plus
1447 775 1484 802 ιο

49 827 164 882 loqui
205 826 328 871 discit
375 838 496 879 quam
544 826 678 867 faeere
727 825 937 866 laudanda.
998 837 1108 865 nunc
1155 836 1272 878 vero,
1321 823 1428 877 quod

50 892 198 942 restat,
236 887 383 928 donate
419 888 536 927 venia
572 888 760 940 paginam
797 886 1062 926 rusticantem
1086 884 1201 924 vobis
1233 883 1428 925 obsecun-

50 948 228 1003 dantem,
256 948 324 988 cui
353 959 421 988 me
451 959 612 1000 quoque
644 951 823 999 auctore,
852 947 890 986 si
917 946 1065 986 vestris
1095 944 1244 985 litteris
1268 957 1428 998 compa-

52 1013 184 1063 retur,
228 1006 349 1049 stilus
390 1007 686 1049 infantissimus
730 1008 849 1047 inest.
913 1004 952 1046 7.
997 1005 1069 1046 sed
1113 1007 1192 1045 ista
1234 1017 1430 1058 quorsum

51 1067 224 1112 stolidus
259 1065 418 1120 allego?
477 1080 572 1115 nam
609 1069 731 1108 nimis
772 1066 984 1120 deprecari
1020 1067 1194 1116 ineptias
1225 1067 1335 1119 ipsas
1366 1070 1430 1106 est
1448 1076 1486 1103 ιε»

50 1129 363 1183 ineptissimum,
392 1129 436 1169 in
467 1127 614 1182 quibus
645 1133 691 1168 tu
721 1139 860 1167 merus
891 1125 1057 1179 arbiter,
1088 1127 1125 1166 si
1149 1138 1236 1166 rem
1262 1138 1312 1166 ex
1336 1138 1428 1166 asse

51 1189 279 1243 discingas,
318 1188 474 1229 ridebis
516 1188 708 1242 plurima,
744 1187 861 1240 plura
899 1186 1091 1240 culpabis.
1155 1186 1225 1226 sed
1258 1191 1299 1226 et
1329 1185 1429 1226 illud

51 1249 290 1304 amplector,
326 1250 363 1289 si
399 1261 474 1302 pro
512 1250 679 1289 caritate
718 1261 796 1301 qua
832 1246 960 1301 polles
997 1259 1080 1287 non
1118 1247 1244 1287 fueris
1281 1259 1431 1300 usque-

52 1321 211 1363 quaque
243 1309 437 1350 censendi
468 1310 855 1361 continentissimus,
886 1307 928 1347 id
960 1312 1034 1360 est,
1067 1308 1101 1346 si
1133 1308 1334 1347 sententia
1364 1312 1432 1347 tua

52 1371 261 1423 quippiam
292 1381 416 1422 super
445 1369 510 1410 his
541 1369 724 1422 apicibus
755 1369 948 1421 antiquet.
1011 1373 1106 1407 tunc
1139 1369 1248 1407 enim
1281 1369 1433 1408 certius
1452 1379 1491 1406 20

52 1435 93 1470 te
125 1428 318 1483 probasse
350 1429 504 1482 reliqua
530 1428 724 1482 gaudebo,
750 1430 786 1468 si
810 1428 998 1468 liturasse
1025 1427 1161 1480 aliqua
1194 1440 1431 1480 cognovero.

51 1501 208 1531 memor
237 1490 369 1530 nostri
400 1501 490 1530 esse
522 1489 701 1542 dignare,
732 1488 892 1528 domine
924 1500 1039 1540 papa.

706 1641 783 1685 IV.

176 1725 405 1764 SIDONIUS
431 1723 628 1762 DOMINO
655 1723 815 1760 PAPAE
842 1722 1041 1761 GRAECO
1067 1721 1312 1759 SALUTEM.

148 1801 186 1844 1.
228 1802 365 1844 Viator
402 1807 542 1842 noster
578 1814 623 1842 ac
666 1800 899 1841 tabellarius
937 1802 1034 1841 terit
1076 1799 1229 1840 orbitas
1274 1800 1433 1839 itineris

55 1865 207 1905 assueti
249 1865 425 1917 spatium
469 1863 554 1902 viae
604 1863 915 1915 regionumque,
958 1860 1065 1914 quod
1111 1859 1257 1913 oppida
1294 1864 1431 1899 nostra
1452 1872 1486 1899 25

55 1925 321 1978 discriminat,
353 1935 472 1976 saepe
504 1921 731 1974 relegendo.
794 1923 984 1975 quocirca
1015 1933 1089 1961 nos
1122 1932 1282 1973 quoque
1314 1919 1432 1960 decet

57 1983 182 2026 semel
211 1986 443 2038 propositae
475 1982 701 2023 sedulitatis
732 1982 865 2023 officia
897 1983 1056 2035 sectari,
1082 1993 1183 2034 quae
1217 1992 1308 2020 cum
1340 1979 1434 2019 reli-

57 2046 149 2098 quis
181 2043 499 2086 commeantibus
537 2048 622 2083 tum
660 2044 876 2096 praecipue
913 2042 1097 2082 Amantio
1137 2043 1433 2081 intercurrente

155 2165 175 2196 1
202 2160 269 2197 ubi
294 2161 341 2206 L,
367 2159 422 2196 ibi
449 2162 520 2206 (pr.
541 2158 556 2194 i
580 2160 624 2194 in
648 2170 722 2195 ras.
742 2162 765 2195 3
792 2160 862 2195 litt.
883 2158 1007 2203 NON
1013 2157 1172 2202 MCTfl
1202 2160 1222 2191 9
1244 2160 1330 2202 post
1357 2155 1432 2191 sin

56 2206 281 2256 gnlarisque
303 2211 375 2245 im.
401 2207 555 2243 virtutis
587 2207 834 2244 Wilamowitz
857 2210 862 2250 1
890 2205 1046 2242 victoris
1074 2205 1153 2241 LT
1179 2207 1184 2250 1
1213 2203 1433 2240 incumbere

0 2274 2 2276 ’
57 2256 243 2303 NMGT,
268 2256 488 2293 incumbere
513 2255 730 2291 incumbere
757 2255 810 2298 L,
843 2255 933 2290 sunt
958 2254 993 2289 d
1021 2265 1051 2289 c.
1078 2256 1106 2289 t.
1133 2266 1182 2299 p.‚
1208 2252 1244 2288 d.
1270 2265 1319 2298 p.
1346 2252 1457 2288 doc-

55 2305 182 2342 trinae
208 2305 387 2341 salutaris
414 2302 712 2350 singularisque:
744 2302 902 2339 victuris
929 2301 1107 2348 opetibus
1134 2300 1354 2336 incumbere
1377 2300 1435 2336 in-

58 2353 235 2390 cumbere
261 2352 356 2389 eatis
370 2353 611 2406 LuetJ'ohqmt
628 2354 641 2397 1
662 2355 705 2388 12
732 2351 982 2387 rusticantem
998 2350 1042 2385 N
1046 2349 1178 2394 MOT,
1205 2347 1435 2385 rusticanter

2 2448 4 2450 v
58 2402 108 2448 L,
131 2403 219 2448 fort
243 2406 336 2439 recte
354 2404 367 2448 u
388 2404 433 2437 15
459 2412 511 2436 an
534 2399 683 2446 ipsum?
710 2400 975 2445 Luetjohannu
