1592 2612
159 145 247 188 342
660 142 867 180 CARMEN
893 142 1026 179 xxm.

374 257 531 286 morum
565 244 739 285 culmine
774 244 843 284 sed
876 245 1164 296 potentiorem,

282 314 350 347 180
376 318 456 346 non
488 307 638 359 possim
672 306 815 345 merita
849 316 992 344 sonare
1026 304 1160 359 laude,

374 379 448 406 nec
481 368 516 406 si
549 378 613 405 me
648 365 818 418 Odrysio
852 377 1000 405 canens
1033 366 1075 405 in
1107 370 1243 419 antro,

374 439 450 479 qua
483 426 559 466 late
592 425 887 478 trepidantibus
920 425 1084 465 fluentis

375 491 510 527 cautes
542 499 615 539 per
648 486 842 526 Ciconum
874 486 1043 526 resultat
1077 485 1257 539 Hebrus,

372 548 562 600 princeps
596 548 840 587 instituisset
871 546 938 586 ille
971 551 1123 600 vatum,

281 615 347 648 185
375 620 467 647 cum
499 606 636 647 dulces
670 609 841 647 animata
875 619 969 647 saxa
1001 607 1172 647 chordae

374 668 526 708 ferrent
557 680 631 720 per
662 667 884 720 Rhodopen
916 668 1100 708 trahente
1135 673 1255 708 cantu

373 733 413 768 et
444 740 559 768 versa
590 729 676 768 vice
710 727 887 768 sontibus
920 727 1054 780 ligatis

374 794 503 828 terras
538 801 702 828 currere
735 793 926 841 cogerent
957 789 1142 843 anhelas,

372 861 446 889 nec
478 861 559 888 non
591 849 775 889 Hismara
809 849 962 889 solibus
993 854 1179 902 paterent

279 917 347 950 190
374 910 502 949 aurita
535 909 677 962 chelyn
711 914 924 962 expetente
958 910 1056 950 silva

374 975 414 1010 et
445 969 544 1010 nulli
577 969 815 1010 resolubiles
849 970 973 1010 calori

374 1035 535 1070 curvata
567 1036 733 1071 ruerent
764 1032 877 1071 nives
910 1030 958 1070 ab
992 1030 1111 1085 Ossa,

371 1095 543 1131 stantem
576 1096 643 1131 aut
676 1091 886 1144 Strymona
918 1091 1106 1132 Bistones
1138 1091 1342 1142 viderent,

372 1163 464 1191 cum
496 1163 659 1191 carmen
691 1151 856 1205 rapidus
890 1151 995 1192 latex
1028 1153 1183 1206 sitiret3

278 1219 345 1251 195
372 1223 446 1251 nec
480 1213 515 1251 si
545 1211 702 1252 Peliaco
735 1212 851 1252 datus
883 1211 1100 1252 bimembri

371 1271 419 1311 ad
452 1271 688 1312 Centaurica
721 1272 873 1325 plectra
906 1274 1199 1327 constitissem,

343 1332 573 1372 ‘hinnitum
607 1333 778 1386 duplicis
811 1335 961 1373 timens
994 1334 1196 1388 magistri3

371 1405 445 1432 nec
479 1394 513 1432 si
544 1405 608 1432 me
644 1393 848 1434 docuisset
879 1393 946 1434 ille
979 1394 1074 1448 fari,

372 1454 507 1493 iussus
538 1466 704 1506 pascere
738 1456 807 1507 qui
840 1466 1004 1507 gregem
1037 1459 1100 1495 est
1132 1454 1292 1495 clientis

279 1521 348 1553 200
374 1513 588 1566 Amphrysi
621 1514 668 1554 ad
702 1515 869 1555 fluvium
901 1515 1000 1555 deus
1033 1514 1256 1570 bubulcus,

371 1573 477 1625 quod
509 1574 762 1627 ferrugineos
795 1575 988 1628 Cyclopas
1021 1588 1117 1615 arcu

371 1636 511 1673 stravit
544 1634 617 1674 sub
650 1634 939 1688 Liparensibus
972 1637 1140 1676 caminis

371 1693 532 1734 vibrans
564 1694 655 1747 plus
688 1708 806 1748 grave
839 1695 992 1736 fulmen
1024 1698 1066 1736 in
1099 1697 1254 1749 sagitta.

430 1753 512 1794 Iam
543 1757 674 1807 primo
707 1761 848 1796 tenero
883 1756 1080 1796 calentem
1113 1756 1162 1797 ab
1195 1762 1287 1797 ortu

276 1821 344 1854 205
372 1826 566 1867 excepere
601 1818 691 1856 sinu
724 1829 866 1856 novem
902 1829 1084 1871 sorores,

375 1879 414 1913 et
445 1879 485 1914 te
519 1875 566 1915 de
600 1878 804 1928 genetrice
837 1879 1064 1929 vagientem

372 1935 580 1975 tinxerunt
612 1938 730 1976 vitrei
762 1937 860 1977 vado
892 1937 1191 1991 Hippocrenes:

372 1999 486 2048 tunc,
518 1996 592 2036 hac
623 2008 782 2036 mersus
815 2010 934 2052 aqua,
966 1997 1146 2051 loquacis
1179 1997 1311 2038 undae

371 2066 445 2106 pro
477 2055 602 2096 fluctu
634 2069 746 2109 mage
780 2057 934 2098 litteras
967 2058 1117 2098 bibisti.

235 2152 238 2154 ,
276 2121 346 2154 210
373 2114 466 2154 hinc
498 2120 542 2155 tu
568 2118 647 2156 iam
680 2130 782 2169 puer
814 2120 944 2170 aptior
975 2120 1186 2172 magistro,

373 2176 564 2228 quicquid
597 2177 820 2217 rhetoricae
853 2180 1142 2233 institutionis,

253 2280 321 2323 187
348 2277 525 2314 cantibus
552 2280 676 2316 PTF
699 2283 711 2328 Η
739 2284 806 2316 195
834 2281 888 2316 sic
917 2282 1035 2319 OTF
1059 2284 1072 2329 ss
1105 2285 1174 2319 196
1201 2281 1441 2319 constitisset
1469 2281 1501 2318 C
1527 2282 1539 2327 11

155 2328 228 2361 204
253 2327 427 2361 tenerum
454 2328 529 2364 Leo
549 2330 560 2374 ΙΙ
587 2332 655 2364 207
682 2329 880 2364 tinxerunt
904 2331 1036 2377 vul90;
1061 2331 1241 2367 texerunt
1265 2330 1371 2368 codd.
1395 2331 1401 2376 1
1422 2329 1539 2366 vitrei

157 2373 285 2420 GPF,
311 2373 458 2410 vitreae
486 2376 537 2421 T;
563 2378 610 2421 cf.
631 2388 660 2413 c.
681 2378 758 2422 IX,
777 2379 857 2413 285
892 2378 896 2424 Ι
930 2378 1175 2424 hippocrenis
1205 2379 1292 2424 GP,
1316 2377 1536 2425 hipocrenis

156 2421 199 2458 F
212 2423 224 2469 ΙΙ
243 2425 315 2458 210
340 2422 430 2459 hinc
456 2423 716 2470 Luetjohamz;
741 2426 833 2460 tunc
860 2427 962 2463 codd.
987 2430 991 2472 Ι
1015 2426 1135 2463 artior
1160 2427 1287 2464 PTF
1301 2429 1314 2474 ΙΙ
