1592 2612
658 108 949 146 PRAEFATIO.
1424 109 1497 146 VII

118 211 268 254 codicis
299 212 343 252 in
374 223 509 252 meum
540 223 660 252 usum
692 210 1031 252 exscriberentur.
1074 210 1148 251 Est
1179 216 1313 252 autem
1345 210 1380 251 N
1414 206 1494 267 (sic

120 271 365 314 Chatelainio
384 277 603 325 praeeunte
624 284 717 312 eum
736 267 938 327 significo)
960 284 1051 312 cum
1071 271 1102 311 L
1122 274 1324 312 artissima
1350 284 1495 324 cogna-

122 335 228 374 tione
265 345 460 386 conexus,
502 332 573 372 sed
617 337 756 385 postea
795 345 815 372 a
848 332 1014 372 librario
1054 333 1162 386 ipso,
1193 334 1340 386 partim
1372 334 1494 373 etiam

125 393 176 434 ab
203 393 327 433 altera
357 405 478 433 manu
510 392 587 433 alio
620 392 758 433 codice
791 392 968 433 adhibito
995 392 1359 433 innumerabilibus
1392 393 1492 433 locis

121 465 419 506 nonnumquam
452 454 507 493 ita
539 458 765 507 correctus,
797 458 842 493 ut
867 455 1038 507 pristina
1064 453 1184 493 lectio
1216 455 1281 493 vix
1308 458 1377 494 aut
1410 466 1494 494 om-

120 515 214 555 nino
245 526 327 554 non
358 515 487 567 possit
524 515 630 568 erui,
670 518 879 567 praeterea
917 514 1010 554 inde
1049 513 1097 553 ab
1131 526 1195 566 ep.
1219 513 1244 554 l.
1270 513 1324 553 111
1355 527 1495 554 omnes

120 574 205 615 fere
234 573 498 627 epistularum
529 575 816 627 inscriptiones
857 575 1035 627 nigriore
1075 579 1297 614 atramento
1337 574 1495 615 additae

118 639 226 676 sunt.
254 634 419 675 Praeter
450 634 612 675 lacunas
645 636 683 675 ei
715 647 807 675 cum
839 634 870 674 L
903 647 1137 675 communes
1170 635 1391 688 deperditis
1424 635 1494 675 ali-

119 700 219 749 quot
247 695 354 735 soliis
384 695 483 735 haec
509 695 673 735 desunt:
707 707 767 748 ep.
794 695 859 749 III,
888 694 956 749 13,
983 694 1009 736 6
1043 692 1265 748 disten[dit
1291 708 1419 748 usque
1446 696 1493 736 ad

117 755 146 807 ἓ
168 753 222 797 11
250 753 455 809 moribus]
482 758 572 796 vale
578 770 595 803 ;
627 755 686 810 VI,
705 755 746 809 4,
760 754 787 797 3
814 762 859 796 ut
889 769 978 796 sese
999 756 1087 806 fert
1105 768 1234 808 usque
1256 756 1305 796 ad
1325 756 1386 810 VI,
1407 755 1447 809 8,
1470 756 1493 797 1

117 818 278 864 aliena;
308 815 406 870 VIII,
428 812 485 856 14
510 815 559 856 ab
591 817 707 856 initio
734 829 863 868 usque
896 816 944 856 ad
977 816 1003 867 ἓ
1025 814 1051 857 8
1085 819 1264 856 valemus
1272 831 1288 865 ;
1320 816 1385 871 IX,
1405 815 1446 870 3,
1469 816 1493 858 7

119 882 220 918 tunc
251 879 357 917 enim
388 888 516 928 usque
550 876 598 916 ad
630 876 695 930 IX,
722 875 762 929 6,
789 875 815 917 3
849 878 901 917 ab
934 889 1082 917 errore
1090 891 1106 924 ;
1137 876 1287 917 desinit
1313 890 1404 917 cum
1432 890 1494 930 ep.

116 936 142 977 l.
168 936 223 976 IX
247 935 285 978 6.
336 936 392 976 De
425 936 550 976 altero
583 937 720 977 codice
747 938 845 976 item
871 936 1076 977 Laudiano
1103 937 1231 990 affini,
1264 939 1323 977 sic
1348 943 1495 992 tamen,

117 1003 163 1038 ut
186 998 264 1036 iam
291 998 462 1036 mixtum
488 997 688 1049 quoddam
715 998 939 1050 scripturae
972 1009 1100 1049 genus
1133 997 1331 1052 exhibeat,
1368 999 1494 1039 Vati-

116 1069 240 1099 cano
275 1055 390 1099 1783
411 1070 441 1097 s.
462 1056 498 1096 X
518 1053 588 1112 (V)
609 1057 734 1098 multa
761 1070 809 1097 ex
830 1057 1101 1098 Gustafssonii
1126 1057 1230 1098 libro
1263 1058 1344 1110 illo,
1372 1071 1491 1111 quem
1517 1061 1553 1097 V

116 1129 239 1171 supra
271 1119 598 1171 commemoravi,
636 1118 799 1158 haurire
838 1119 973 1171 potui,
1006 1118 1080 1158 alia
1113 1120 1200 1171 ipse
1233 1131 1307 1171 per
1338 1118 1494 1160 litteras

115 1177 405 1230 benignissime
450 1191 514 1218 me
559 1177 706 1218 docuit.
768 1178 811 1218 In
855 1178 930 1218 boc
973 1178 1110 1218 codice
1162 1178 1302 1218 eadem
1347 1179 1494 1220 desunt

116 1251 218 1291 quae
258 1239 299 1278 in
338 1240 485 1279 ceteris
529 1238 649 1279 huius
692 1238 886 1293 familiae,
925 1239 995 1278 sed
1041 1240 1162 1279 etiam
1195 1252 1256 1292 ep.
1277 1239 1305 1293 Ι,
1337 1239 1357 1280 1
1394 1245 1434 1280 et
1466 1239 1494 1281 2

114 1300 345 1353 perierunt3
390 1299 539 1339 desinit
583 1304 717 1339 autem
762 1312 854 1339 cum
900 1311 959 1352 ep.
988 1299 1090 1353 VIII,
1118 1297 1193 1354 12,
1219 1297 1246 1341 8
1286 1306 1369 1341 tam
1408 1304 1495 1352 ipse

114 1371 238 1410 quam
265 1362 421 1411 patria.

205 1419 288 1460 Iam
327 1424 373 1459 ut
415 1419 609 1471 breviter,
648 1432 767 1472 quam
806 1421 1003 1460 rationem
1040 1421 1082 1460 in
1120 1420 1306 1473 epistulis
1351 1434 1493 1462 recen-

114 1479 252 1520 sendis
280 1485 443 1520 secutus
470 1481 559 1534 sim,
579 1493 787 1533 exponam,
813 1480 889 1520 hoc
915 1481 1015 1520 mihi
1035 1482 1230 1534 persuasi,
1256 1481 1326 1521 ubi
1347 1484 1493 1522 ceteris

114 1538 230 1579 libris
269 1539 419 1580 codicis
458 1539 493 1579 N
530 1542 806 1580 testimonium
845 1546 983 1581 contra
1021 1540 1052 1580 L
1098 1542 1326 1595 accederet,
1371 1542 1492 1583 huius

114 1598 329 1640 lectionem
362 1600 444 1640 fere
477 1600 799 1654 improbandam,
831 1606 871 1641 at
901 1601 972 1641 ubi
1003 1601 1034 1640 L
1055 1608 1095 1641 et
1114 1601 1148 1641 N
1181 1597 1264 1658 (vel
1296 1604 1417 1642 etiam
1441 1599 1491 1658 V)

113 1661 222 1700 inter
253 1672 296 1700 se
329 1662 625 1714 consentirent,
663 1673 744 1701 non
783 1663 870 1701 sine
904 1663 1152 1714 gravissimis
1184 1664 1317 1702 causis
1351 1663 1399 1703 ab
1433 1665 1493 1703 eis

114 1720 404 1773 recedendum,
447 1722 491 1760 in
534 1722 593 1761 eis
639 1726 773 1761 autem
815 1721 1020 1775 partibus,
1062 1722 1133 1762 ubi
1177 1722 1366 1763 meliores
1398 1723 1494 1764 libri

113 1780 321 1834 deessent,
363 1786 477 1821 cauta
518 1781 807 1822 deliberatione
841 1782 1037 1835 adhibita,
1076 1782 1171 1835 quid
1211 1796 1370 1836 quoque
1405 1784 1492 1824 loco

114 1853 253 1881 verum
273 1841 490 1895 videretur,
516 1842 810 1895 dispiciendum
838 1855 926 1882 esse
955 1843 1075 1895 idque
1103 1842 1365 1898 seligendum,
1386 1845 1493 1897 quod

114 1906 184 1941 aut
214 1903 316 1941 ratio
348 1903 435 1954 ipsa
468 1907 535 1942 aut
562 1902 717 1942 Sidonii
743 1902 961 1943 aliorumve
995 1905 1238 1956 scriptorum
1265 1905 1352 1944 eius
1380 1906 1492 1944 simi-

114 1960 214 2002 lium
246 1974 373 2014 genus
405 1962 566 2003 dicendi
597 1962 804 2016 probabile
839 1964 1011 2004 fecisset.
1076 1963 1264 2003 Ceterum
1298 1977 1378 2004 non
1411 1970 1492 2005 tam

114 2022 387 2062 emendatoris
431 2023 611 2076 indigere
651 2023 861 2064 Sidonium
904 2037 1022 2076 quam
1063 2025 1296 2076 interpretis
1329 2026 1372 2064 in
1404 2025 1492 2066 dies

113 2083 242 2135 magis
272 2094 338 2122 me
370 2085 625 2136 perspexisse
658 2083 784 2124 libere
816 2085 1018 2137 profiteor.

206 2142 428 2195 Antequam
462 2143 510 2183 ad
543 2145 719 2184 carmina
751 2150 970 2199 transeam,
1011 2149 1150 2198 restat,
1190 2150 1234 2184 ut
1272 2145 1320 2185 de
1360 2146 1491 2186 tribus

115 2201 417 2256 additamentis,
459 2216 560 2256 quae
594 2206 635 2244 in
668 2201 824 2244 ‘Nanzii
856 2201 1011 2245 codice'
1045 2205 1209 2258 Savaro,
1248 2207 1290 2245 in
1323 2203 1491 2259 ‘optimo

115 2260 204 2303 suo’
242 2260 586 2319 Wouwerenus*)
627 2277 669 2305 se
708 2266 909 2305 invenisse
949 2265 1106 2319 dicunt,
1144 2278 1270 2318 pauca
1302 2266 1491 2321 adiciam3

210 2391 242 2438 ⁸)
270 2390 423 2428 Ceteras
455 2391 566 2428 huius
600 2392 742 2429 codicis
772 2393 940 2439 ‘optimi'
975 2393 1158 2429 lectiones
1189 2406 1211 2429 a
1237 2394 1491 2431 Wouwereno
