1592 2612
110 156 303 193 XXXVIII
652 149 941 187 PRAEFATIO.

114 260 195 299 huc
228 270 259 297 v.
288 269 347 309 ep.
375 255 421 309 II,
448 253 487 308 9,
513 252 552 295 4.
587 277 643 281 —
676 252 731 293 lb.
764 251 792 292 4
826 252 962 292 Sarra
996 251 1150 302 scripsi.
1209 247 1264 288 Cf.
1298 245 1487 300 Engelbr.

111 318 174 358 1.1.
207 330 244 370 p.
276 314 340 357 15.
374 339 430 344 —
462 314 558 368 VIII,
587 311 654 368 14,
681 312 708 354 2
741 314 927 353 Antiolus
960 311 1117 363 scripsi.
1158 308 1214 349 De
1242 311 1275 349 is
1301 313 1352 361 et,
1378 306 1487 360 quod

112 380 153 418 in
196 376 401 417 codicibus
441 380 518 428 est,
560 373 736 414 dubitari
777 376 926 425 potest,
966 383 1016 411 an
1054 371 1217 423 gravior
1258 366 1489 421 corruptela

113 438 232 478 lateat
264 442 303 477 et
334 435 633 489 Luetjohannus
666 446 739 487 pro
771 432 928 485 vulgata
959 431 1131 472 lectione
1172 433 1206 471 is
1239 434 1300 470 est
1336 429 1487 468 rectius

111 501 270 539 scilicet
305 496 569 550 proposuerit.
614 518 670 523 —
708 493 763 534 ΙΙ).
797 491 826 533 4
859 494 1229 543 slaqrantissimum
1268 502 1314 530 eo
1354 490 1490 529 minus

112 563 267 599 mutare
300 557 422 610 volui,
457 557 565 609 quia,
599 555 704 608 quod
736 552 1071 606 Engelhrechtius
1105 563 1266 605 quoque
1300 545 1488 606 (‘Unter-

114 615 238 659 such?
278 631 314 670 p.
342 613 419 673 93)
460 615 661 669 concedit,
701 617 743 655 in
788 614 862 653 hoc
908 617 1099 653 contextu
1144 612 1344 652 sermonis
1383 608 1490 650 haud

113 678 231 719 dubie
252 680 455 731 propriam
476 676 809 729 significationem
831 667 1154 730 (‘helllodernd')
1174 671 1323 712 habere
1344 674 1489 724 potest.

116 739 296 790 Accedit,
336 738 440 790 quod
473 736 692 776 Bonnetius
725 735 748 775 1.
776 734 799 775 1.
826 748 863 787 p.
893 731 990 788 175,
1019 731 1046 774 3
1072 731 1336 786 probabiliter
1368 743 1490 784 expo-

113 800 193 839 suit
226 800 443 849 flaqrundi
481 797 649 837 verbum
687 798 728 836 in
767 794 891 835 Gallia
931 793 1010 834 illis
1051 794 1130 834 iam
1162 791 1414 846 temporibus
1448 792 1492 831 in

116 864 325 911 utramque
365 871 450 898 rem
488 857 617 897 valere
658 857 852 909 coepisse,
890 860 934 895 ut
967 855 1088 895 etiam
1120 854 1229 894 idem
1252 851 1368 906 ‘quod
1397 851 1489 902 fra-

111 932 243 970 qrure
293 918 524 958 declararet.
589 916 703 965 Quod
749 918 784 956 si
828 917 882 955 ita
927 919 1006 968 est,
1057 914 1123 955 illa
1174 914 1303 954 forma
1348 914 1489 965 utique

114 979 285 1019 tenenda
318 983 389 1018 est.
413 1002 468 1006 -
490 977 585 1031 VIII,
615 976 682 1030 16,
709 975 736 1017 2
769 989 817 1016 ex
844 975 942 1015 LNa
968 978 1170 1015 muscivos
1202 974 1382 1015 scribere
1409 985 1492 1013 non

116 1039 302 1079 dubitavi.
338 1062 392 1066 -—
426 1038 481 1078 lb.
515 1036 541 1077 3
575 1037 681 1090 quod
713 1038 754 1076 in
788 1035 816 1076 C
849 1040 940 1088 post
973 1038 1195 1076 taciturire
1226 1034 1374 1087 legitur
1407 1036 1490 1074 iam

117 1101 449 1152 deliberavimus,
486 1098 552 1137 hic
590 1097 702 1137 locus
741 1096 911 1136 multum
950 1095 1054 1135 valet
1093 1095 1141 1135 ad
1186 1094 1326 1148 alium,
1373 1106 1494 1147 quem

118 1171 237 1212 supra
270 1160 399 1211 attigi,
438 1163 545 1198 recte
585 1157 898 1210 diiudicandum,
931 1168 991 1209 ep.
1019 1155 1085 1210 IX,
1114 1154 1182 1210 14,
1215 1154 1241 1196 8
1276 1155 1385 1208 dico,
1424 1153 1495 1194 ubi

115 1220 158 1259 in
191 1219 331 1259 eodem
363 1218 482 1271 libro,
515 1223 559 1258 ut
593 1219 836 1258 constructio
864 1216 1080 1256 verborum
1107 1215 1333 1269 expeditior
1365 1215 1493 1268 fieret,

117 1282 333 1319 moliamur
365 1279 543 1318 additum
576 1283 647 1318 est.
675 1301 734 1306 —-
759 1277 814 1317 ΙΙ).
842 1275 869 1318 5
896 1276 1035 1317 Fausti
1061 1276 1148 1317 loco
1182 1278 1224 1316 in
1257 1276 1346 1316 adn.
1375 1274 1492 1315 allato

118 1335 185 1394 (cf.
222 1340 341 1379 etiam
374 1338 477 1391 apud
512 1338 721 1378 Sidonium
754 1339 886 1390 ipsum
919 1350 979 1390 ep.
1006 1337 1072 1391 IX,
1106 1335 1170 1390 15,
1201 1337 1219 1377 1
1251 1350 1284 1377 ν.
1316 1335 1390 1389 12,
1425 1335 1496 1376 ubi

120 1401 208 1439 voci
240 1401 464 1439 absolutius
490 1399 628 1439 eadem
661 1400 719 1438 vis
748 1397 927 1438 subiecta
954 1410 1042 1437 esse
1070 1393 1248 1452 videtur)
1276 1399 1318 1437 in
1339 1396 1497 1437 Sidonii

117 1459 251 1499 verbis
303 1459 552 1511 corrigendis
597 1463 742 1511 quanta
787 1459 970 1498 cautione
1015 1470 1116 1510 opus
1162 1462 1286 1511 esset,
1331 1457 1497 1497 demon-

119 1521 259 1573 stravi3
294 1531 384 1559 nam
417 1520 451 1558 si
484 1521 711 1560 absolutum
738 1519 812 1558 hoc
839 1518 926 1558 loco
953 1518 1061 1558 idem
1087 1531 1176 1558 esse
1210 1517 1358 1572 videas,
1385 1518 1494 1571 quod

114 1583 391 1632 perspicuum,
424 1582 595 1632 clarum,
628 1582 810 1630 simplex,
843 1591 924 1618 non
950 1579 1029 1618 iam
1062 1579 1111 1619 de
1143 1578 1290 1619 tradita
1322 1578 1496 1619 lectione

119 1639 288 1679 dubites.
354 1639 454 1679 Sane
500 1639 661 1692 quidem
706 1652 824 1692 quam
875 1652 968 1679 vere
1014 1639 1080 1679 ille
1127 1638 1175 1679 de
1222 1651 1295 1679 suo
1346 1650 1496 1692 genere

120 1699 279 1739 dicendi
311 1701 609 1753 existimaverit,
637 1700 713 1740 alia
739 1701 919 1752 quaestio
948 1704 1025 1753 est,
1054 1701 1142 1752 ipse
1169 1704 1279 1740 certe
1307 1711 1495 1739 sermone

119 1759 249 1812 arido,
287 1759 399 1814 exili,
439 1761 610 1800 maxima
649 1773 697 1800 ex
741 1764 852 1813 parte
885 1759 1043 1812 vulgato
1076 1761 1134 1800 uti
1169 1759 1247 1800 sibi
1280 1761 1390 1800 visus
1423 1764 1496 1799 est.

118 1818 174 1859 De
213 1820 287 1859 hoc
324 1833 401 1860 usu
439 1832 581 1860 vocum
624 1822 822 1874 absolute,
860 1821 1088 1870 absolutus,
1135 1822 1250 1860 cuius
1295 1821 1498 1873 imprimis

119 1880 222 1932 apud
248 1879 443 1920 Hilarium
470 1880 593 1920 multa
624 1880 804 1933 exempla
832 1885 1060 1934 occurrunt,
1087 1893 1120 1920 V.
1142 1880 1496 1921 Woelfflin,Arcl1.

120 1939 180 1993 VI,
209 1938 304 1980 170.
335 1939 416 1981 181
442 1953 497 1992 sq.
533 1963 588 1968 —
622 1940 693 1994 IX,
725 1940 758 1994 1,
788 1939 813 1980 3
847 1942 960 1993 prius
988 1946 1124 1992 potest
1155 1941 1315 1981 seclusi.
1348 1964 1409 1969 —
1439 1939 1496 1981 Ib.

122 2002 267 2049 quidve
305 2001 347 2039 in
386 2002 565 2050 quidque
600 2005 754 2040 mutare
794 2000 923 2054 nolui,
963 2002 1055 2053 quia
1094 2014 1142 2042 ve
1179 2014 1261 2041 non
1299 2013 1392 2041 raro
1424 2013 1498 2054 pro

121 2072 199 2109 que
230 2062 403 2112 ponitur.
426 2083 481 2087 -—
503 2060 557 2100 ΙΙ).
579 2058 606 2101 5
639 2062 681 2100 in
714 2065 859 2100 conatu
884 2073 973 2100 meo
1007 2061 1235 2102 difficillimi
1267 2061 1388 2102 huius
1420 2060 1500 2114 loci

122 2119 359 2159 emendandi
404 2120 477 2159 hac
520 2122 674 2160 ratione
720 2121 862 2161 ductus
915 2133 1003 2161 sum
1047 2123 1091 2161 in
1136 2122 1351 2175 archetypo
1397 2121 1501 2161 nihil

125 2179 248 2219 fuisse
284 2181 363 2219 nisi
396 2186 489 2220 tuus
522 2184 608 2230 cui,
642 2180 795 2233 reliqua
827 2194 847 2220 a
881 2181 1058 2222 librariis
1090 2187 1242 2222 temere
1276 2182 1502 2234 excogitata

123 2251 231 2292 esse,
275 2252 412 2279 verum
451 2253 500 2280 ne
534 2241 600 2280 illa
635 2240 797 2293 quidem
832 2241 953 2281 verba
985 2247 1093 2282 recte
1128 2255 1170 2282 se
1209 2241 1377 2295 habere,
1417 2242 1501 2295 sed,

124 2300 159 2339 si
204 2299 300 2352 quid
345 2301 506 2340 omnino
558 2301 606 2340 ad
652 2313 798 2341 nomen
843 2303 1095 2352 Apollinaris
1134 2302 1361 2342 addendum
1403 2307 1502 2356 erat,

123 2371 235 2400 meus
273 2359 334 2399 vel
373 2367 510 2401 noster
549 2360 765 2401 dicendum
797 2362 920 2401 fuisse
960 2357 1028 2417 (cf.
1064 2375 1123 2415 ep.
1157 2362 1199 2416 V,
1230 2362 1296 2415 11,
1324 2360 1351 2404 3
1390 2374 1503 2402 meus

122 2420 192 2467 A.;
232 2419 329 2472 VIII,
358 2418 395 2472 6,
426 2418 479 2460 1⁶2
519 2426 658 2462 noster
690 2423 760 2469 A.;
805 2423 890 2461 sine
936 2424 1172 2474 pronomine
1218 2435 1278 2475 ep.
1305 2421 1347 2475 V,
1374 2420 1414 2475 9,
1440 2418 1502 2478 4).
