1592 2612
165 147 251 191 186
637 141 785 178 LIBER
811 139 1050 178 OCTAVUS.

379 247 472 287 hinc
502 245 622 286 bacas
655 245 831 297 quatiam
862 241 924 282 vel
955 241 1050 281 hinc
1083 236 1324 294 corymbos?

379 313 423 347 tu
455 308 551 359 iam,
584 305 739 358 Tityre,
770 316 865 344 rura
897 307 990 356 post
1021 305 1184 354 recepta

379 372 531 420 myrtos
563 371 604 406 et
634 365 846 418 platanona
878 366 1117 416 pervagatus

379 427 514 481 pulsas
546 426 732 466 barbiton
765 429 884 477 atque
917 424 1179 464 concinentes

304 497 347 530 15
381 500 450 528 ora
482 492 522 527 et
552 486 705 540 plectra
737 485 813 526 tibi
843 483 985 524 modos
1017 482 1233 536 resultant,

381 547 528 588 chorda
559 559 655 587 voce
687 552 816 586 metro
850 543 1046 597 stupende
1078 542 1251 597 psaltes3

378 621 452 649 nos
486 609 578 648 istic
610 608 765 660 positos
798 604 1004 658 semelque
1036 606 1145 644 visos

379 669 441 709 bis
475 670 554 708 iam
586 672 794 708 menstrua
826 666 920 706 luna
952 666 1221 718 conspicatur.

379 742 454 770 nec
486 728 657 769 multum
690 727 852 767 domino
885 731 998 766 vacat
1029 724 1093 766 vel
1124 726 1222 779 ipsi,

304 800 348 832 20
382 790 477 830 dum
509 801 703 842 responsa
735 789 836 841 petit
869 786 1060 827 subactus
1093 785 1215 826 orbis.

379 852 471 891 istic
504 849 659 890 Saxona
692 848 898 889 caerulum
930 847 1113 887 videmus

380 915 585 951 assuetum
618 915 709 950 ante
744 909 826 949 salo
861 907 991 948 solum
1023 909 1190 962 timere3

381 973 495 1012 cuius
527 972 691 1011 verticis
725 971 895 1010 extimas
928 981 1002 1022 per
1034 980 1126 1008 oras

380 1045 462 1072 non
495 1036 682 1071 contenta
715 1043 809 1070 suos
841 1035 981 1070 tenere
1013 1040 1174 1069 morsus

303 1101 348 1133 25
382 1092 476 1133 altat
507 1092 694 1132 lammina
726 1092 950 1143 marginem
983 1100 1211 1142 comarum,

381 1158 421 1193 et
453 1154 511 1192 sic
543 1152 723 1192 crinibus
757 1151 805 1191 ad
839 1156 973 1191 cutem
1006 1150 1150 1190 recisis

383 1213 582 1253 decrescit
614 1217 734 1265 caput
766 1212 1007 1263 additurque
1039 1209 1186 1250 vultus.

380 1273 446 1313 hic
477 1278 593 1313 tonso
627 1274 807 1326 occipiti,
840 1284 964 1312 senex
991 1269 1230 1324 Sygamber,

381 1338 593 1387 postquam
625 1335 754 1373 victus
788 1346 850 1387 eS,
883 1332 996 1372 elicis
1029 1335 1255 1371 retrorsum

304 1403 351 1434 30
385 1396 582 1434 cervicem
615 1394 663 1434 ad
696 1398 874 1434 veterem
905 1404 1030 1433 novos
1063 1390 1241 1444 capillos.

381 1455 447 1495 hic
474 1454 624 1506 glaucis
656 1453 831 1494 Herulus
864 1454 978 1506 genis
1010 1458 1194 1506 vagatur,

381 1517 484 1555 imos
518 1514 667 1555 Oceani
698 1514 834 1555 colens
866 1525 1054 1554 recessus

381 1575 516 1628 algoso
548 1587 674 1628 prope
707 1574 895 1615 concolor
926 1573 1139 1627 profundo.

379 1636 445 1675 hic
477 1635 709 1688 Burgundio
743 1636 921 1688 septipes
952 1635 1188 1687 frequenter

303 1704 349 1736 35
381 1696 484 1735 flexo
517 1696 666 1748 poplite
700 1695 899 1749 supplicat
931 1696 1119 1747 quietem.

381 1758 470 1796 istis
503 1755 768 1808 Ostrogothus
800 1757 908 1808 viget
939 1756 1121 1808 patronis

381 1818 615 1868 vicinosque
647 1828 835 1869 premens
868 1815 1040 1856 subinde
1073 1814 1254 1868 Chunos,

381 1877 445 1916 his
479 1876 585 1929 quod
619 1875 822 1930 subditur,
853 1877 948 1916 hinc
981 1874 1164 1928 superbit
1195 1873 1287 1914 illis.

381 1936 493 1990 hinc,
525 1936 721 1990 Romane,
752 1936 827 1976 tibi
858 1938 963 1989 petis
997 1936 1185 1988 salutem,

304 2004 350 2036 40
384 2001 424 2035 et
456 2002 593 2036 contra
625 1997 834 2049 Scythicae
866 1996 1003 2050 plagae
1037 2001 1234 2048 catervas,

385 2057 419 2095 si
453 2069 551 2108 quos
584 2056 791 2096 Parrhasis
822 2057 925 2097 Ursa
957 2058 1035 2097 fert
1066 2055 1281 2108 tumultus,

383 2115 545 2169 Eorice,
577 2121 667 2156 tuae
701 2129 843 2157 manus
876 2122 1087 2171 rogantur,

383 2181 428 2215 ut
459 2175 626 2215 Martem
658 2176 812 2217 validus
844 2190 917 2229 per
948 2177 1193 2230 inquilinum

386 2235 572 2276 defendat
603 2242 765 2276 tenuem
799 2236 986 2277 Garunna
1018 2237 1221 2291 Thybrim.

263 2386 298 2410 v.
321 2378 364 2410 12
390 2374 506 2420 tityre
533 2376 633 2422 LN,
660 2375 766 2412 titire
798 2377 844 2420 T,
872 2388 892 2412 o
920 2377 1026 2414 titire
1054 2377 1141 2414 Mo
1165 2379 1178 2424 11
1208 2389 1243 2414 v.
1265 2380 1310 2412 23
1336 2385 1404 2422 per
1428 2373 1544 2420 hora?

168 2423 219 2459 M
226 2422 393 2470 GTPF,
419 2434 600 2469 personas
628 2425 663 2460 L
681 2426 694 2471 ΙΙ
719 2437 752 2461 v.
775 2429 820 2460 25
848 2427 951 2461 artat
976 2426 1183 2462 Mommsen
1202 2426 1214 2472 ΙΙ
1232 2437 1267 2462 v.
1287 2427 1335 2460 44
1361 2421 1547 2459 defendat
