1592 2612
164 485 212 518 35

161 788 210 821 40

158 1090 206 1123 45

158 1392 205 1424 50

154 1693 201 1728 55

154 1997 200 2030 60

639 133 848 170 CARMEN
872 133 972 171 XVI.
1412 133 1502 177 323

243 236 395 288 quique
427 234 575 289 duplex
607 235 808 288 quondam
841 236 989 275 venisti
1019 236 1063 275 in
1093 240 1236 288 pectus
1266 234 1441 290 Helisei,

241 295 463 336 Tbeshiten
495 308 588 337 cum
619 296 723 336 forte
756 308 896 337 senem
927 297 1009 336 iam
1040 295 1250 336 flammeus
1282 297 1369 336 axis

239 355 401 397 tolleret
431 362 473 397 et
503 358 672 397 scissam
704 356 893 410 linquens
923 369 998 410 pro
1030 369 1201 396 munere
1233 355 1380 409 pellem

238 416 425 470 hispidus
456 416 645 457 ardentes
677 419 815 470 auriga
847 419 1019 457 intraret
1049 416 1244 470 habenas;

238 478 390 530 quique
422 479 544 518 etiam
574 477 732 518 Heliam
763 479 884 518 terris
916 479 1090 518 missure
1124 477 1348 518 secundum

238 537 451 579 Zachariae
483 540 582 579 iusti
612 538 791 591 linguam
822 538 976 592 placate
1008 537 1161 592 ligasti,

238 598 335 639 dum
365 598 518 639 faceret
549 611 686 639 serum
717 612 865 652 rugosa
895 611 1098 652 puerpera
1127 603 1304 652 patrem,

237 658 344 699 edita
375 659 607 712 significans
639 661 751 700 iusso
783 661 956 700 reticere
988 659 1202 713 propheta,

235 720 363 772 gratia
395 732 489 760 cum
513 719 645 774 fulsit,
676 725 817 760 nosset
848 733 892 760 se
924 725 970 760 ut
1000 719 1064 760 lex
1095 720 1327 773 tacituram3

236 781 388 833 quique
420 782 542 820 etiam
573 793 745 821 nascens
777 793 827 821 ex
858 782 1014 833 virgine
1047 782 1202 820 semine
1234 779 1365 834 nullo,

234 845 327 881 ante
358 840 486 881 ullum
518 846 679 894 tempus
719 841 819 881 deus
857 848 977 894 atque
1010 842 1053 881 in
1084 846 1267 894 tempore
1301 840 1500 896 Christus,

234 901 283 941 ad
316 913 464 954 corpus
496 907 691 954 quantum
724 907 896 956 spectat,
928 906 973 942 tu
1004 907 1044 941 te
1078 902 1165 954 ipse
1198 902 1365 955 creasti;

234 963 305 1015 qui
335 963 467 1002 visum
499 964 651 1016 caecis,
682 975 869 1015 gressum
896 974 1057 1015 quoque
1089 961 1260 1002 reddere
1293 961 1467 1016 claudis,

235 1021 418 1062 auditum
451 1022 606 1077 surdis,
637 1024 761 1063 mutis
793 1022 928 1063 laxare
960 1022 1163 1076 loquelam

234 1088 374 1123 suetus
405 1082 455 1123 ad
487 1083 563 1123 hoc
595 1085 718 1124 etiam
748 1085 915 1137 venisti,
947 1088 993 1124 ut
1023 1088 1182 1123 mortua
1214 1082 1395 1123 membra

231 1142 355 1197 lecto,
386 1143 612 1197 sandapila,
642 1143 797 1184 tumulo
830 1156 1075 1196 consurgere
1108 1145 1284 1197 possint3

232 1205 383 1256 quique
415 1205 539 1244 etiam
569 1216 721 1257 poenas
754 1210 942 1258 suscepta
958 1206 1018 1244 »in
1050 1216 1171 1244 carne
1203 1203 1351 1259 tulisti,

231 1269 464 1304 sustentans
495 1264 649 1318 alapas,
681 1264 877 1318 ludibria,
909 1264 1099 1319 verbera,
1130 1277 1296 1318 vepres,

231 1329 396 1379 sortem,
426 1325 570 1378 vincla,
602 1338 778 1379 crucem,
810 1325 955 1379 clavos,
988 1325 1054 1379 sel,
1085 1325 1255 1379 missile,
1286 1329 1459 1380 acetum,

230 1389 436 1437 postremo
467 1390 660 1439 mortem,
692 1386 762 1426 sed
796 1391 1074 1440 surrecturus,
1107 1386 1248 1440 adisti,

229 1446 427 1499 eripiens,
459 1446 653 1498 quicquid
684 1447 835 1486 veteris
867 1448 1109 1499 migraverat
1140 1446 1270 1486 hostis

229 1506 272 1545 in
305 1506 369 1545 ius
399 1517 475 1558 per
505 1511 690 1546 nostrum
723 1507 897 1560 facinus,
929 1519 1022 1547 cum
1054 1507 1204 1547 femina
1234 1507 1365 1559 prima

228 1570 490 1618 praeceptum
522 1565 681 1606 solvens
713 1566 830 1619 culpa
861 1579 936 1606 nos
968 1572 1135 1620 perpete
1166 1568 1315 1620 vinxit3

230 1621 322 1681 (qui
353 1638 445 1666 cum
475 1631 516 1666 te
548 1628 716 1667 interitu
747 1628 865 1680 petiit
895 1639 971 1667 nec
1003 1628 1185 1680 repperit
1216 1628 1261 1667 in
1292 1632 1354 1681 te,

228 1686 336 1739 quod
367 1692 506 1739 posset
536 1689 747 1740 proprium
780 1689 1040 1742 convincere,
1071 1687 1249 1740 perdidit
1281 1699 1419 1742 omne,

229 1747 336 1799 quod
368 1746 484 1800 lapsu
516 1747 627 1788 dedit
657 1747 738 1788 Eva
771 1760 862 1802 suo3
889 1748 1187 1801 chirographon
1218 1747 1351 1802 illum,

229 1819 308 1860 quo
340 1819 535 1860 pervasus
567 1807 687 1848 homo
721 1813 800 1862 est,
831 1808 931 1848 haec
963 1809 1238 1861 compensatio
1269 1810 1391 1861 rupit.

230 1880 378 1921 expers
410 1869 567 1920 peccati
597 1881 672 1921 pro
703 1868 987 1922 peccatoribus
1018 1868 1196 1921 amplum

227 1928 276 1968 fis
306 1929 484 1981 pretium
515 1934 773 1982 veteremque
799 1942 927 1969 noms
958 1930 1045 1969 vice
1078 1929 1255 1969 faenoris
1287 1929 1437 1983 Adam,

227 1988 324 2029 dum
355 1990 546 2043 moreris,
578 1989 627 2029 de
659 1995 789 2030 morte
821 1991 941 2043 rapis.
999 1990 1058 2030 sic
1083 1994 1242 2030 mortua
1267 2002 1380 2030 mors
1412 1995 1489 2044 est,

227 2050 286 2089 sic
319 2061 408 2089 sese
441 2048 620 2103 insidiis,
652 2062 751 2103 quas
784 2050 955 2103 fecerat,
986 2051 1074 2103 ipsa
1107 2049 1260 2090 fefellit.

225 2122 318 2150 nam
350 2109 446 2149 dum
478 2109 697 2150 indiscrete
729 2112 832 2163 petit
862 2112 1145 2163 insontemque
1178 2122 1372 2164 reosque,

227 2171 328 2224 egit,
359 2175 405 2210 ut
436 2168 590 2210 absolvi
621 2175 789 2223 possent
821 2176 862 2211 et
893 2172 1063 2211 crimine
1096 2166 1231 2226 nexi);

201 2326 247 2358 33
272 2321 419 2368 pallam
448 2323 526 2359 cod.
560 2323 767 2360 Helmstad.
800 2323 902 2368 (item
934 2319 1198 2367 Wilamowitz)
1236 2324 1250 2369 Ι
1286 2326 1334 2359 45
1369 2322 1491 2359 etiam

102 2380 161 2453 {m
188 2370 253 2456 ἄη
271 2375 318 2407 46
344 2383 407 2456 arsa)
421 2372 602 2466 possent?
628 2371 869 2418 Luetjohann
886 2374 900 2419 fl
919 2375 964 2408 56
990 2371 1088 2408 illud
1113 2372 1224 2420 vulqo
1242 2372 1256 2418 ΙΙ
1275 2376 1320 2408 57
1347 2371 1492 2419 rumpit

160 2435 163 2445 ›
262 2430 349 2455 cum

1193 2482 1270 2516 21*
