1592 2612
172 1 258 22 rt',
282 3 320 14 ἰ
348 0 431 14 W*

363 146 594 188 SIDONIUS
621 149 846 188 SULPICIO
873 149 966 187 SUO
993 148 1235 186 SALUTEM.
1408 148 1494 192 163

101 252 304 294 bonorum
323 254 568 295 sententiam
594 257 851 306 computatur
874 251 1072 292 honorato
1097 252 1273 291 maximo
1300 252 1493 292 minimus

102 313 330 367 religiosus.
375 325 445 354 ora
476 326 551 367 pro
582 313 712 354 nobis.

734 479 856 524 XIII.

359 563 589 600 SIDONIUS
615 562 839 600 SULPICIO
867 561 960 599 SUO
989 561 1234 598 SALUTEM.

194 638 231 681 1.
262 639 470 682 Himerius
503 642 692 695 antistes,
724 640 832 681 filius
864 645 977 694 tuus,
1008 644 1130 680 notus
1162 639 1263 679 mihi
1294 639 1491 680 hactenus

99 713 244 754 parum
268 700 395 756 vultu,
421 703 520 742 satis
547 703 750 756 opinione,
777 714 878 754 quae
906 700 1071 754 quidem
1096 702 1139 740 in
1164 699 1311 741 bonam
1330 705 1486 754 partem
1526 717 1544 744 5

99 761 404 816 porrigebatur,
448 761 691 815 Lugdunum
722 774 855 815 nuper
886 774 909 802 a
941 760 1198 802 Tricassibus
1237 762 1365 815 venit,
1410 774 1490 814 quo

100 821 180 862 loci
210 822 312 862 mihi
342 824 490 876 raptim
522 835 568 863 ac
599 822 778 863 breviter
803 824 1012 875 inspectus
1039 827 1223 862 sanctum
1255 823 1491 875 episcopum

98 882 277 937 Lupum,
322 883 438 924 facile
479 884 709 936 principem
749 883 987 936 pontificum
1032 882 1349 936 Gallicanorum,
1393 895 1489 923 suae

97 949 181 984 tam
223 944 491 997 professionis
547 945 787 996 magistrum
838 956 960 996 quam
1010 943 1219 996 dignitatis
1270 947 1489 997 auctorem,

96 1016 256 1045 morum
297 1003 415 1044 nobis
460 1005 685 1045 imitatione
725 1006 915 1044 restituit.
978 1003 1019 1045 2.
1071 1004 1172 1044 deus
1215 1003 1340 1058 bone,
1385 1016 1488 1056 quae
1510 1020 1545 1046 ιο

96 1066 184 1105 viro
217 1077 390 1105 censura
416 1077 508 1105 cum
534 1069 759 1118 venustate,
791 1066 826 1105 si
858 1064 954 1118 quid
980 1064 1045 1105 vel
1070 1064 1269 1105 deliberet
1293 1064 1397 1104 forte
1424 1064 1488 1104 vel

99 1123 283 1166 suadeat!
315 1124 492 1166 abundat
524 1127 649 1165 animi
682 1125 783 1180 sale,
816 1138 909 1166 cum
941 1124 1186 1178 consulitur,
1217 1124 1355 1178 melle,
1394 1138 1488 1165 cum

95 1185 281 1227 consulit.
314 1198 471 1226 summa
501 1185 658 1226 homini
689 1199 786 1226 cura
818 1186 867 1227 de
899 1185 1062 1240 litteris,
1095 1185 1165 1226 sed
1191 1187 1365 1225 maxime
1392 1185 1487 1226 reli-

94 1247 238 1301 giosis,
281 1247 326 1286 in
358 1246 505 1299 quibus
547 1259 641 1287 eum
680 1248 810 1300 magis
856 1252 1027 1300 occupat
1069 1245 1244 1286 medulla
1290 1258 1487 1287 sensuum

95 1319 215 1360 quam
247 1319 389 1360 spuma
419 1306 648 1348 verborum.
680 1312 765 1348 tota
796 1307 857 1347 illi
883 1309 1088 1348 actionum
1115 1319 1279 1347 suarum
1312 1308 1484 1347 intentio
1506 1320 1541 1348 15

94 1367 281 1408 celeritas
312 1379 425 1407 mora
458 1367 644 1408 Christus
683 1373 756 1408 est.
821 1368 1009 1421 quodque
1048 1370 1198 1408 mirere
1236 1367 1300 1408 vel
1332 1367 1485 1422 laudes,

93 1427 196 1468 nihil
252 1429 428 1468 otiosum
489 1427 603 1482 facit,
666 1441 758 1469 cum
815 1428 916 1469 nihil
973 1428 1095 1468 faciat
1149 1440 1231 1468 non
1289 1430 1483 1481 quietum.

94 1487 133 1530 3.
166 1489 330 1529 ieiuniis
370 1487 611 1542 delectatur,
656 1488 842 1529 edulibus
882 1489 1126 1542 adquiescit3
1165 1488 1245 1528 illis
1291 1489 1483 1529 adhaeret

92 1554 261 1602 propter
292 1548 629 1589 consuetudinem
661 1550 813 1602 crucis,
852 1550 942 1589 istis
983 1549 1161 1589 flectitur
1192 1554 1360 1602 propter
1391 1561 1482 1602 gra-

91 1611 191 1650 tiam
223 1610 420 1650 caritatis:
472 1621 628 1648 summo
660 1614 878 1662 utrumque
916 1609 1212 1662 moderamine,
1246 1611 1340 1662 quia
1372 1623 1481 1650 com·
1501 1625 1536 1651 20

92 1671 251 1724 primit,
284 1670 471 1723 quotiens
503 1669 702 1723 prandere
736 1671 892 1723 statuit,
934 1669 1086 1723 gulam,
1129 1671 1317 1722 quotiens
1359 1669 1483 1710 absti—

92 1743 211 1785 nere,
242 1731 486 1771 iactantiam.
529 1730 660 1770 officia
704 1729 946 1783 multiplicat
988 1731 1171 1783 propria,
1203 1731 1302 1770 vitat
1334 1730 1481 1785 aliena3

94 1803 266 1844 cumque
299 1792 378 1843 ipsi
411 1791 590 1830 vicissim
618 1790 758 1831 deceat
784 1792 956 1844 occurri,
983 1791 1136 1843 gratius
1168 1789 1301 1845 habet,
1335 1792 1371 1830 si
1404 1790 1483 1831 sibi

92 1857 257 1892 mutuus
295 1851 424 1891 honos
463 1850 658 1891 debeatur
700 1863 815 1904 mage
861 1863 982 1904 quam
1026 1850 1284 1904 rependatur.
1346 1848 1387 1891 4.
1439 1853 1482 1893 in

93 1914 275 1957 convivio
307 1913 455 1952 itinere
489 1924 683 1952 consessu
714 1911 976 1952 inferioribus
1009 1911 1133 1965 cedit3
1166 1923 1244 1964 quo
1278 1912 1335 1965 fit,
1365 1916 1411 1951 ut
1437 1924 1480 1952 se
1500 1927 1536 1954 25

92 1972 152 2013 illi
192 1972 470 2026 voluptuosius
508 1971 626 2012 turba
663 1977 879 2025 postponat
918 1973 1186 2025 superiorum.
1251 1984 1482 2013 sermonem

91 2035 267 2074 maximo
299 2037 619 2085 temperamento
652 2045 745 2073 cum
777 2032 1044 2086 conloquente
1077 2032 1298 2086 dispensat,
1330 2033 1374 2072 in
1400 2045 1480 2085 quo

91 2105 173 2134 non
199 2095 351 2147 patitur
382 2093 505 2134 ullam
538 2097 606 2133 aut
636 2093 922 2134 verecundiam
948 2098 1141 2133 externus
1168 2098 1236 2133 aut
1268 2092 1479 2134 familiaris

92 2155 302 2208 iniuriam,
348 2159 415 2194 aut
460 2152 650 2194 credulus
693 2154 886 2194 invidiam
931 2159 999 2194 aut
1043 2155 1230 2194 curiosus
1275 2152 1479 2206 repulsam

189 2298 208 2330 1
236 2294 402 2330 maximo
431 2294 466 2329 L
492 2298 527 2330 et
554 2296 664 2339 (corr.
692 2295 734 2330 in
759 2294 924 2330 maxime
951 2294 995 2330 Ν
998 2294 1080 2339 ¹)N
1083 2322 1091 2338 ‚
1124 2293 1291 2329 maxime
1317 2294 1369 2330 M
1375 2293 1446 2331 OT
1471 2295 1476 2341 1

91 2342 271 2379 minimus
292 2343 547 2388 Luetjohmm,
572 2343 697 2378 minus
717 2342 855 2382 LMC',
882 2341 1043 2388 quisque
1065 2343 1100 2378 T
1116 2344 1128 2388 Η
1149 2346 1169 2377 2
1190 2353 1258 2378 ora
1275 2353 1344 2389 pro
1365 2342 1478 2379 nobis

91 2391 228 2437 LNT,
248 2391 333 2427 vale
356 2391 480 2427 VMC
495 2393 506 2437 ΙΙ
528 2394 570 2426 11
592 2390 655 2426 vel
668 2395 757 2437 post
770 2390 861 2437 quid
877 2402 960 2437 exp.
975 2390 1046 2434 N¹‚
1066 2402 1136 2428 om.
1151 2391 1278 2427 MGT
1294 2394 1307 2439 [Ι
1327 2394 1372 2427 18
1387 2391 1477 2427 edu-

91 2439 156 2475 liis
182 2440 270 2476 MC
284 2442 297 2487 ss
316 2443 363 2475 24
388 2439 510 2476 honor
536 2440 570 2485 (r
595 2449 687 2476 corr.
715 2441 758 2476 in
784 2451 801 2474 s
828 2439 1033 2485 111¹)MT11

1188 2499 1258 2535 11‘
