1592 2612
117 97 175 140 98
600 92 747 129 LIBER
773 91 1012 136 QUARTUS.

117 202 381 251 quaestuosae
414 196 608 236 fluctuant
638 196 681 234 in
715 193 919 246 segetibus
951 192 1095 246 undae,
1133 190 1240 245 quod
1272 191 1501 244 industrius

113 259 284 311 quisque
323 269 400 310 quo
437 256 528 309 plus
566 256 811 308 frequentat,
850 253 927 294 1106
966 255 1100 293 minus
1138 251 1369 307 naufrag’at3
1409 253 1492 292 via-

114 318 271 358 toribus
297 317 427 371 molle,
456 317 706 356 fructuosum
733 313 973 369 aratoribus,
999 312 1260 354 venatoribus
1286 312 1500 366 voluptuo-

116 390 225 432 sum3
264 378 368 430 quod
407 378 605 417 montium
638 377 804 428 cingunt
836 374 954 414 dorsa
986 375 1150 427 pascuis
1182 373 1309 414 latera
1340 375 1500 428 vinetis,

78 449 96 476 5
114 443 276 479 terrena
307 437 411 477 villis
444 449 586 477 saxosa
611 435 799 489 castellis,
833 447 957 488 opaca
982 434 1124 475 lustris
1151 438 1290 488 aperta
1316 433 1500 489 culturis,

114 511 286 539 concava
318 497 495 538 fontibus
529 496 698 549 abrupta
730 495 983 550 fluminibus3
1017 495 1125 549 quod
1153 495 1328 548 denique
1357 494 1500 536 huius-

112 559 222 599 modi
255 563 333 612 est,
370 563 415 598 ut
454 557 580 598 semel
610 559 743 597 visum
776 556 939 596 advenis
971 556 1110 597 multis
1142 557 1297 609 patriae
1331 555 1499 596 oblivio-

111 631 206 660 nem
233 630 350 671 saepe
376 618 627 671 persuadeat.
674 616 714 659 6.
740 622 853 657 taceo
875 618 1078 657 civitatem
1098 618 1228 670 ipsam
1253 618 1315 658 tui
1335 628 1501 670 semper

113 681 171 720 sic
204 680 530 733 amantissimam,
564 683 610 718 ut
642 677 726 718 solo
758 677 956 718 nobilium
989 677 1256 718 contubernio
1288 677 1499 731 praeferre

58 750 93 776 10
113 739 170 780 nil
202 738 361 793 debeas,
393 740 460 779 cui
484 744 529 779 tu
554 751 675 779 manu
702 739 849 778 iniecta
875 737 1050 778 feliciter
1075 742 1216 791 raptus
1242 737 1500 792 inserebare3

111 801 249 852 sicque
295 812 433 839 omnes
477 800 730 853 praesentiae
768 803 926 839 vestrae
966 798 1169 854 voluptas,
1214 799 1323 853 quod
1362 803 1497 839 tamen

109 859 265 900 nullum
303 861 425 900 satias
458 862 574 914 cepit.
638 860 718 899 iam
758 859 853 912 quid
897 860 989 899 istic
1029 860 1078 900 de
1116 872 1160 900 re
1200 859 1390 900 familiari
1427 863 1497 900 tua

110 921 258 974 dicam,
298 922 412 961 cuius
450 920 517 961 hic
555 924 683 961 status
722 925 801 974 est,
838 924 884 960 ut
920 924 1031 960 tuam
1069 933 1288 974 expensam
1325 920 1405 961 hoc
1444 921 1498 960 sit

111 980 268 1021 facilius
300 980 540 1035 toleratura,
579 993 657 1034 quo
691 978 911 1021 crebrius?
960 993 1054 1021 nam
1087 981 1276 1022 dominus
1308 979 1498 1034 agricola,

57 1050 93 1077 15
114 1042 149 1081 si
181 1040 305 1080 larem
337 1041 403 1081 hic
435 1042 577 1096 foveat,
609 1042 668 1081 sic
700 1041 797 1081 facit
829 1046 1048 1095 sumptum,
1081 1042 1188 1095 quod
1221 1046 1341 1095 auget
1366 1045 1407 1082 et
1432 1053 1497 1081 re-

111 1098 268 1141 ditum?
331 1101 429 1141 haec
467 1115 572 1142 unus
611 1101 686 1142 tibi
722 1103 903 1142 omnium
936 1103 1103 1156 civium,
1142 1107 1252 1143 certe
1283 1102 1497 1156 bonorum,

110 1166 202 1201 voto
234 1163 363 1214 petitu
395 1163 481 1202 vice
514 1164 665 1216 garrio3
699 1163 768 1215 qui
795 1175 887 1203 cum
918 1167 1029 1203 tanto
1062 1162 1216 1203 honore
1248 1168 1289 1203 te
1315 1167 1498 1217 poscant,

110 1226 222 1262 tanto
250 1234 384 1262 amore
412 1223 654 1277 desiderent,
686 1222 867 1276 intellegi
894 1223 1011 1263 datur
1037 1223 1173 1276 gaudii
1198 1223 1289 1277 plus
1317 1228 1369 1278 te,
1399 1222 1495 1263 dum

110 1281 259 1322 tribuis
293 1282 397 1334 quod
430 1285 597 1339 rogaris,
630 1288 922 1324 assecuturum.
974 1283 1072 1324 vale.

724 1449 863 1493 XXII.

53 1531 91 1558 20
400 1530 628 1567 SIDONIUS
654 1531 805 1569 LEONI
831 1533 926 1570 SUO
955 1533 1199 1570 SALUTEM.

206 1606 243 1647 1.
282 1607 351 1647 Vir
388 1609 623 1660 magnificus
655 1608 896 1665 Hesperius,
934 1623 1091 1664 gemma
1124 1613 1349 1652 amicorum
1386 1609 1494 1651 litte-

110 1680 341 1722 rarumque,
372 1681 502 1721 nuper
527 1668 627 1709 urhe
655 1682 746 1710 cum
773 1671 894 1711 rediit
920 1684 941 1711 e
968 1671 1228 1726 Tolosatium,
1256 1672 1494 1724 praecipere

109 1733 150 1769 te
184 1728 297 1782 dixit,
328 1733 373 1768 ut
399 1728 662 1781 epistularum
688 1743 826 1770 curam
851 1733 930 1772 iam
955 1734 1184 1773 terminatis
1210 1732 1326 1773 libris
1353 1744 1495 1772 earum

111 1793 439 1829 converteremus
491 1789 539 1828 ad
591 1789 727 1830 stilum
770 1791 976 1832 historiae.
1052 1794 1279 1833 reverentia
1324 1804 1494 1846 summa,

56 1855 92 1882 25
114 1861 270 1890 summo
316 1853 356 1888 et
400 1849 544 1889 affectu
592 1850 713 1890 talem
758 1857 877 1904 atque
928 1857 1079 1894 tantam
1125 1854 1366 1894 sententiam
1410 1865 1493 1892 am-

107 1909 280 1963 plect0r3
307 1909 498 1949 idoneum
525 1911 672 1963 quippe
697 1914 935 1964 pronuntias
962 1914 1011 1954 ad
1038 1927 1160 1967 opera
1179 1915 1344 1968 maiora,
1371 1925 1493 1966 quem

108 1970 329 2010 mediocria
361 1974 478 2022 putas
513 1970 700 2011 deserere
727 1971 886 2013 debere.
933 1974 1016 2029 sed,
1049 1974 1156 2027 quod
1182 1974 1391 2015 fatendum
1417 1978 1492 2027 est,

108 2030 266 2070 facilius
308 2030 434 2070 audeo
472 2029 704 2070 huiusmodi
744 2035 950 2085 suspicere
983 2035 1179 2076 iudicium
1212 2047 1331 2088 quam
1364 2035 1492 2075 susci-

109 2103 206 2143 pere
246 2090 470 2130 eonsilium.
533 2089 573 2131 2.
612 2103 678 2131 res
718 2093 880 2144 quidem
919 2094 1038 2147 digna
1082 2108 1202 2148 quam
1239 2100 1285 2136 tu
1328 2094 1493 2136 iuberes

208 2234 228 2265 9
257 2230 337 2266 solo
365 2230 539 2276 LNOT,
567 2230 639 2266 soli
658 2231 714 2276 M,
743 2232 876 2268 sedulo
897 2234 1138 2279 Luetjohann
1156 2237 1169 2282 ΙΙ
1191 2240 1236 2271 13
1263 2235 1315 2271 sit
1339 2246 1407 2272 om.
1433 2234 1464 2271 G
1478 2235 1492 2281 ΙΙ

109 2283 153 2314 14
181 2278 283 2324 quod
309 2279 411 2323 MT,
447 2290 469 2314 a
494 2279 595 2324 quod
621 2281 659 2325 (a
685 2291 777 2316 eras.
801 2280 903 2327 0⁵50
929 2285 941 2328 ΙΙ
975 2288 1018 2319 15
1046 2285 1086 2319 et
1111 2296 1180 2326 om.
1202 2285 1237 2320 T
1262 2286 1274 2331 ΙΙ
1305 2287 1353 2320 20
1377 2284 1490 2320 inser.

113 2338 182 2363 om.
210 2327 246 2363 L
265 2328 276 2373 ΙΙ
296 2330 341 2362 23
369 2327 481 2374 dixit]
510 2327 565 2363 ait
595 2327 626 2363 Ο
645 2329 657 2374 ΙΙ
682 2331 728 2364 25
755 2330 904 2364 tantam
934 2332 1049 2376 atque
1076 2332 1196 2368 talem
1225 2333 1348 2380 01129
1375 2342 1493 2378 quam

103 2377 148 2411 tu
174 2374 325 2411 iuberes
353 2375 419 2412 sed
444 2387 521 2411 non
546 2375 671 2411 minus
699 2376 817 2423 digna
842 2389 910 2415 om.
937 2380 1004 2427 Lss
