1592 2612
618 98 828 136 CARMEN
851 98 898 135 Π.
1361 96 1449 141 251

93 210 166 244 390
189 201 397 243 mandatas
428 201 508 242 fert
538 201 634 241 inde
665 212 821 254 preces.
885 212 985 253 quas
1017 199 1108 240 diva
1140 204 1279 240 secuta

187 267 353 316 apparat
382 263 444 302 ire
475 263 593 302 viam.
655 260 808 301 laxatos
840 265 954 301 torva
985 259 1152 313 capillos

187 324 351 376 stringit
380 327 422 363 et
452 322 632 363 inclusae
663 321 869 362 latuerunt
900 321 1057 361 casside
1088 325 1245 374 turres3

187 382 313 424 infula
343 382 481 424 laurus
513 387 611 423 erat.
673 381 796 422 bullis
826 381 1044 422 hostilibus
1077 393 1196 434 asper

187 443 361 498 applicat
392 457 413 484 a
445 443 556 484 laeva
588 447 822 495 surgentem
854 441 1011 482 balteus
1043 454 1195 482 ensem.

89 512 160 546 395
185 506 381 545 inseritur
412 503 542 557 clipeo
573 505 718 544 victrix
750 515 915 556 manus3
947 502 1056 542 illius
1083 501 1224 542 orbem

185 564 443 619 Martigenae,
474 564 580 618 lupa,
605 563 792 617 Thybris,
823 563 958 617 Amor,
983 562 1103 617 Mars,
1127 561 1200 602 Ilia
1232 561 1447 616 complent.

186 625 308 666 fibula
339 625 519 666 mordaci
551 625 712 677 refugas
744 637 767 664 a
797 629 963 677 pectore
994 628 1127 664 vestes

189 686 310 727 dente
335 687 453 739 capit.
509 687 632 726 micat
656 685 770 725 hasta
789 686 937 738 minax,
964 695 1219 737 quercusque
1240 682 1446 737 trophaeis

186 759 305 787 curva
338 747 477 787 tremit
506 746 734 799 placitoque
767 745 883 785 deam
916 744 991 785 sub
1023 745 1130 785 fasce
1163 744 1314 796 fatigat.

89 814 161 849 400
185 812 382 860 perpetuo
415 811 495 847 stat
525 806 660 860 planta
691 805 799 860 solo,
831 805 902 846 sed
934 805 1059 845 fascia
1089 806 1243 858 primos

188 869 347 908 sistitur
379 867 426 907 ad
460 867 626 920 digitos,
658 865 880 907 retinacula
910 865 1005 906 bina
1038 865 1248 906 cothurnis

185 929 310 968 mittit
341 929 384 968 in
416 927 629 968 adversum
661 928 794 967 vincto
827 926 876 967 de
909 926 1048 966 fomite
1079 924 1232 980 pollex,

187 1001 289 1041 quae
322 989 522 1041 stringant
553 987 740 1041 crepidas
772 991 814 1027 et
845 986 1182 1027 concurrentibus
1215 987 1325 1026 ausis

188 1049 412 1090 vinclorum
444 1048 596 1102 pandas
627 1052 766 1088 texant
795 1060 869 1101 per
901 1060 1020 1088 crura
1052 1052 1225 1087 catenas.

94 1117 166 1151 405
191 1122 307 1163 ergo,
339 1111 445 1150 sicut
476 1114 581 1162 erat,
612 1108 807 1162 liquidam
838 1113 1066 1148 transvecta
1098 1120 1172 1161 per
1204 1107 1386 1147 aethram

186 1172 390 1211 nascentis
421 1171 540 1223 petiit
569 1169 728 1222 tepidos
759 1168 1003 1222 Hyperionis
1036 1173 1160 1208 ortus.

245 1230 319 1271 Est
349 1230 463 1271 locus
494 1229 663 1284 Oceani,
694 1229 924 1282 longinquis
956 1230 1166 1282 proximus
1197 1227 1328 1282 Indis,

185 1303 258 1332 axe
291 1290 365 1331 sub
397 1290 500 1344 Eoo,
532 1290 779 1331 Nabataeum
809 1295 951 1330 tensus
983 1291 1026 1329 in
1057 1289 1229 1330 Eurum:

185 1364 257 1392 ver
288 1351 347 1391 ibi
378 1353 616 1392 continuum
648 1355 728 1404 est,
759 1349 1014 1403 interpellata
1045 1363 1123 1390 nec
1154 1349 1247 1390 ullis

89 1419 160 1452 410
186 1411 405 1464 frigoribus
436 1411 620 1464 pallescit
650 1411 816 1464 humus,
849 1410 920 1450 sed
951 1410 1051 1451 flore
1083 1412 1255 1463 perenni

186 1473 294 1525 picta
324 1473 563 1525 peregrinos
594 1473 782 1524 ignorant
812 1483 905 1510 arva
936 1473 1114 1524 rigores;

186 1531 323 1573 halant
354 1545 449 1572 rura
481 1533 604 1584 rosis,
637 1531 979 1584 indiscriptosque
1011 1543 1086 1584 per
1117 1543 1235 1584 agros

186 1593 338 1645 fragrat
369 1592 489 1646 odor3
520 1591 684 1645 violam,
715 1593 907 1645 cytisum,
939 1591 1129 1645 serpylla,
1161 1591 1397 1645 ligustrum,

186 1653 288 1707 lilia,
319 1654 540 1707 narcissos,
573 1653 739 1706 casiam,
772 1651 988 1706 colocasia,
1021 1652 1163 1705 caltas,

89 1722 161 1755 415
188 1719 367 1767 costum,
398 1712 711 1766 malobathrum,
744 1713 947 1766 myrrhas,
979 1711 1253 1766 opobalsama,
1284 1718 1375 1753 tura

185 1775 418 1828 parturiunt
448 1774 598 1827 campi3
630 1785 705 1813 nec
737 1785 818 1812 non
850 1772 1034 1826 pulsante
1067 1778 1230 1813 senecta

185 1835 281 1875 hinc
313 1834 490 1875 rediviva
521 1835 622 1887 petit
653 1834 810 1874 vicinus
844 1835 1029 1874 cinnama
1060 1832 1252 1873 Phoenix.

186 1896 253 1936 hic
284 1894 428 1935 domus
459 1895 637 1935 Aurorae
669 1893 792 1934 rutilo
825 1899 1031 1934 crustante
1063 1893 1224 1934 metallo

187 1955 379 1996 bacarum
410 1955 588 2008 praefert
618 1953 726 1994 leves
758 1959 917 2007 asprata
950 1954 1118 2007 lapillos.

92 2024 163 2057 420
189 2016 388 2069 diripiunt
420 2015 578 2055 diversa
609 2014 747 2055 oculos
779 2019 820 2055 et
851 2015 901 2055 ab
933 2020 1018 2055 arte
1050 2016 1242 2067 magistra

189 2077 266 2117 hoc
298 2077 440 2129 vincit,
471 2075 753 2128 quodcumque
785 2075 916 2129 vides3
949 2075 1020 2115 sed
1054 2075 1242 2115 conditur
1274 2076 1407 2116 omnis

187 2136 261 2178 sub
294 2137 455 2177 domina
485 2140 699 2189 praesente
732 2135 872 2189 decor,
905 2137 1110 2188 nimioque
1142 2135 1291 2176 rubore

163 2293 233 2326 399
258 2288 479 2336 placitoque
501 2287 783 2334 Drakenborch,
806 2287 1038 2334 placidoque
1063 2288 1168 2325 codd.
1188 2290 1201 2333 fl
1218 2291 1290 2324 402
1316 2287 1449 2326 iuncto

72 2337 150 2374 017⁷
173 2339 187 2385 fl
214 2340 284 2373 412
310 2336 634 2383 indiscriptosque
659 2348 724 2380 eqo
751 2338 854 2382 (item
878 2336 1151 2382 LuetJohann),
1176 2336 1451 2384 indescriptos-

67 2396 140 2431 que
166 2387 270 2423 codd.
289 2388 303 2433 ΙΙ
322 2389 392 2421 413
417 2385 566 2432 fragrat
593 2384 642 2431 F,
667 2384 808 2431 flagrat
835 2384 948 2422 CPT
964 2387 977 2432 n
996 2388 1067 2421 419
1092 2384 1239 2430 profert
1268 2385 1326 2433 Cn
