1592 2612
614 115 824 154 CARMEN
846 116 911 154 IX.

286 225 463 272 stragem
494 231 571 259 nec
601 219 917 259 Trasimenicam
949 217 1154 274 loquatur,

286 280 434 321 fratres
466 279 674 333 Scipiadas
705 284 821 332 putet
852 278 1050 334 silendos,

286 352 389 394 quos
420 340 675 381 Tartesiacus
707 344 883 380 retentat
914 339 1043 394 orbis,

189 408 260 442 250
284 400 480 442 Eufraten
509 405 640 442 taceat
670 400 774 441 male
806 402 1048 454 appetitum,

285 461 525 503 Crassorum
557 467 598 502 et
629 461 810 502 madidas
842 473 987 501 eruore
1019 460 1194 502 Carrhas

283 522 348 563 vel
379 535 499 576 quos,
532 522 740 576 Spartace,
772 521 984 562 consulum
1017 521 1175 562 solebas

283 584 444 624 victrici
475 582 628 636 gladios
661 584 800 635 fugare
834 583 939 636 sica,

284 645 419 697 ipsum
450 656 527 684 nec
558 643 652 684 fleat
682 643 749 683 ille
781 643 873 696 plus
905 642 1102 696 duellum,

187 711 259 745 255
286 704 394 757 quod
425 709 518 757 post
548 703 750 745 Cimbrica
782 703 970 744 turbidus
1001 702 1195 756 trophaea

284 770 326 806 et
355 766 536 805 vinctum
567 764 855 805 Nasamonium
887 763 1139 818 Iugurtham,

283 825 380 866 dum
412 826 570 879 quaerit
599 825 918 865 Mithridaticum
948 824 1219 879 triumphum,

282 886 454 939 Arpinas
485 885 611 926 voluit
642 898 803 926 movere
836 885 979 939 Syllae.

344 946 434 987 Non
466 946 697 987 Gaetulicus
728 947 795 986 hic
825 946 902 986 tibi
932 945 1107 999 legetur,

189 1016 260 1049 260
287 1019 375 1057 non
399 1007 574 1061 Marsus,
606 1006 733 1061 Pedo,
766 1006 909 1061 Silius,
940 1005 1143 1060 Tibullus,

281 1079 364 1108 non
396 1067 502 1121 quod
535 1067 737 1120 Sulpiciae
768 1069 882 1108 iocus
913 1066 1076 1107 Thaliae

281 1129 447 1182 scripsit
477 1127 782 1181 blandiloquum
815 1140 888 1168 suo
921 1126 1088 1180 Caleno,

280 1201 362 1229 non
394 1188 510 1229 Persi
540 1190 652 1241 rigor
682 1194 751 1229 aut
782 1188 895 1241 lepos
927 1188 1133 1241 Properti,

282 1249 352 1289 sed
385 1262 460 1290 nec
492 1251 732 1290 centimeter
763 1249 1044 1290 Terentianus,

182 1319 254 1352 265
280 1322 363 1350 non
394 1309 573 1350 Lucilius
604 1310 671 1350 hic
702 1309 997 1362 Lucretiusque
1030 1313 1110 1363 est,

279 1382 361 1410 non
392 1370 573 1424 Turnus,
604 1370 775 1424 Memor,
806 1370 979 1424 Ennius,
1011 1367 1209 1422 Catullus,

282 1429 405 1470 Stella
437 1435 477 1470 et
508 1430 729 1483 Septimius
761 1430 1055 1483 Petroniusque

281 1495 350 1530 aut
381 1490 548 1531 mordax
582 1492 670 1531 sine
702 1491 781 1530 fine
814 1490 1027 1544 Martialis,

278 1563 360 1590 non
393 1552 463 1603 qui
494 1556 675 1604 tempore
709 1551 893 1591 Caesaris
925 1551 1094 1591 secundi

182 1619 255 1652 270
282 1616 446 1651 aeterno
479 1611 647 1652 incoluit
678 1611 825 1651 Tomos
859 1616 990 1664 reatu,

279 1683 354 1712 nec
388 1673 458 1724 qui
489 1671 691 1712 consimili
723 1671 868 1712 deinde
901 1684 998 1712 casu

280 1731 328 1771 ad
361 1731 469 1785 vulgi
499 1737 663 1772 tenuem
696 1733 915 1785 strepentis
948 1743 1086 1772 auram

279 1793 373 1832 irati
404 1792 479 1832 suit
510 1792 720 1833 histrionis
753 1792 862 1846 exul,

274 1864 355 1892 non
387 1852 595 1893 Pelusiaco
628 1858 739 1894 satus
771 1852 951 1906 Canopo,

182 1920 251 1954 275
280 1914 350 1966 qui
384 1913 605 1966 ferruginei
636 1918 747 1954 toros
779 1915 915 1954 mariti

278 1978 318 2013 et
349 1973 462 2013 Musa
494 1975 602 2014 canit
632 1974 785 2014 inferos
818 1986 1011 2027 superna,

277 2045 353 2073 nec
387 2035 457 2086 qui
489 2035 568 2073 iam
601 2034 784 2087 patribus
816 2035 927 2075 suere
961 2034 1112 2074 nostris

276 2095 408 2147 primo
441 2099 622 2147 tempore
655 2097 820 2135 maximi
852 2094 1027 2147 sodales,

278 2166 450 2207 quorum
482 2167 588 2195 unus
618 2154 862 2196 Bonifatium
895 2160 1059 2195 secutus

181 2222 253 2255 280
279 2227 354 2255 nec
387 2227 468 2254 non
500 2217 764 2268 praecipitem
796 2215 1078 2256 Sebastianum

1364 116 1454 161 303

154 2357 225 2390 255
252 2366 303 2390 an
322 2353 525 2400 turgidus?
544 2356 557 2401 Π
577 2359 648 2392 256
670 2354 813 2392 victum
832 2355 1034 2392 Buecheler
1052 2357 1066 2400 u
1085 2358 1155 2391 260
1176 2352 1293 2391 Silius
1312 2355 1443 2403 vu190;

56 2400 192 2438 silvius
217 2403 322 2440 codd.
343 2405 355 2449 fl
374 2407 444 2438 265
472 2404 532 2439 est
557 2404 664 2440 malit
688 2405 805 2442 delere
829 2404 1100 2449 Luetjohannu
