1592 2612
307 105 537 143 SIDONIUS
563 104 852 143 CLAUDIANO
881 105 975 143 SUO
1002 105 1247 143 SALUTEM.
1415 106 1474 149 73

51 257 56 262 ,
82 221 204 264 quam
227 208 556 262 praepedimenti
582 210 740 249 occasio
766 208 980 262 praetendi
1005 207 1069 248 vel
1095 207 1195 248 falso
1221 213 1369 262 potest,
1402 220 1475 249 cur

83 274 244 324 egomet
269 269 458 324 specialis
484 274 604 323 atque
634 271 815 310 intumus
841 268 943 309 nihil
970 269 1019 309 ab
1046 268 1215 322 speciali
1239 281 1330 309 meo
1352 269 1475 309 fructi

83 331 222 386 feram,
253 343 277 371 a
308 342 390 384 quo
422 331 550 383 ignoti
583 342 745 383 quoque
777 329 952 370 multum
978 332 1141 383 capiant
1165 329 1343 383 plurimi.
1391 329 1474 383 sed,

84 394 147 434 uti
181 404 256 445 ego
294 395 477 446 autumo,
520 392 632 432 iuxta
665 391 834 431 formam
867 390 1093 443 euangelici
1118 390 1328 444 largitoris
1367 391 1475 443 quod
1545 394 1550 398 '

84 466 166 495 non
205 453 277 494 das
315 453 444 493 amico
483 453 681 492 esurienti
721 451 835 492 dabis
874 451 1059 505 improbo
1091 451 1300 505 pulsatori.
1351 464 1474 505 porro
1512 464 1530 491 5

86 516 122 556 si
163 515 386 554 etiamnum
424 512 541 553 solito
582 512 844 567 obdurueris,
889 513 1013 553 faxim
1050 517 1210 566 egomet
1248 512 1356 566 quod
1393 517 1475 552 tete

82 573 319 629 paenitebit,
351 575 555 628 quoniam,
587 575 623 614 si
654 573 844 626 peccabis
877 573 982 614 ultra
1015 573 1246 627 reticendo,
1278 585 1352 626 ego
1384 585 1476 626 pro-

85 638 198 677 tinus
229 635 405 676 ulciscar
438 634 664 675 scribendo.
728 646 851 687 porro
890 636 999 675 enim
1032 634 1220 687 ambiguo
1253 639 1364 674 caret
1394 639 1477 674 tam

85 702 127 738 te
160 695 411 750 puniendum
444 697 596 748 scripto
628 707 738 750 mec,
778 708 898 748 quam
936 697 1085 748 punior
1123 699 1283 748 egomet
1315 694 1476 735 silentio

85 763 168 799 tuo.
218 756 317 798 vale.
1497 770 1531 796 ιο

739 898 818 942 ΙΠ.

312 981 542 1019 SIDONIUS
570 982 858 1019 CLAUDIANO
886 982 980 1019 SUO
1008 981 1251 1019 SALUTEM.

182 1059 221 1101 1.
254 1059 474 1114 Committi,
501 1059 665 1100 domine
691 1061 833 1114 maior,
859 1061 902 1100 in
927 1059 1243 1100 necessitudinis
1270 1061 1360 1100 iura
1385 1072 1478 1113 pro-

88 1123 273 1176 nuntias,
312 1133 402 1175 cur,
442 1120 549 1174 quod
582 1120 631 1160 ad
665 1120 771 1161 salve
804 1120 880 1160 tibi
911 1120 1093 1162 debitum
1126 1126 1298 1175 spectat,
1331 1134 1353 1161 a
1386 1121 1478 1161 stilo

89 1188 131 1224 et
175 1181 443 1236 pugillaribus
488 1181 559 1221 diu
602 1186 828 1234 temperem
874 1182 1062 1235 quodque
1109 1181 1302 1235 deinceps
1347 1181 1478 1222 nullas

88 1245 270 1284 viantum
313 1242 422 1282 volas
467 1254 556 1283 mea
600 1255 777 1295 papyrus
822 1244 1068 1297 oneraverit,
1113 1255 1215 1295 quae
1255 1255 1326 1282 vos
1368 1242 1478 1282 cultu
1500 1255 1534 1281 15

89 1303 255 1345 sedulae
301 1304 507 1356 sospitatis
551 1304 769 1356 impertiat.
838 1308 1001 1356 praeter
1045 1316 1219 1356 aequum
1264 1305 1341 1343 ista
1384 1316 1479 1344 con-

91 1367 237 1419 iectaS,
281 1365 317 1404 si
348 1376 464 1404 reare
495 1363 729 1404 mortalium
762 1366 1012 1418 quempiam,
1051 1366 1118 1404 cui
1150 1369 1286 1404 tamen
1326 1376 1478 1404 sermo-

91 1426 221 1466 cinari
258 1424 467 1465 Latialiter
504 1425 618 1464 cordi
656 1429 736 1478 est,
774 1437 855 1465 non
893 1437 1059 1479 pavere,
1097 1438 1190 1465 cum
1228 1426 1272 1465 in
1310 1437 1480 1465 examen

94 1487 255 1526 aurium
279 1490 442 1525 tuarum
469 1486 618 1538 quippe
646 1486 823 1538 scriptus
844 1485 1075 1540 adducitur3
1101 1490 1276 1540 tuarum,
1301 1487 1480 1539 inquam,

94 1540 272 1600 aurium,
305 1558 476 1598 quarum
507 1546 697 1599 peritiae,
737 1547 772 1585 si
803 1558 869 1586 me
902 1546 1169 1586 decursorum
1202 1546 1251 1586 ad
1283 1546 1360 1586 hoc
1393 1548 1480 1586 aevi
1500 1560 1535 1587 20

91 1612 323 1660 temporum
354 1607 632 1660 praerogativa
663 1618 745 1646 non
778 1605 934 1660 obruat,
965 1619 1041 1647 nec
1066 1606 1363 1647 Frontonianae
1391 1619 1479 1659 gra-

92 1669 229 1708 vitatis
255 1672 324 1708 aut
348 1666 541 1720 ponderis
567 1666 780 1720 Apuleiani
806 1666 959 1707 fulmen
985 1669 1258 1720 aequiperem,
1291 1669 1357 1707 cui
1383 1667 1479 1707 Var-

94 1741 229 1782 rones,
261 1727 324 1768 vel
349 1728 541 1768 Atacinus
574 1727 636 1768 vel
662 1727 870 1781 Reatinus,
902 1727 1035 1781 Plinii,
1067 1727 1130 1768 vel
1163 1727 1385 1768 avunculus
1417 1728 1480 1768 vel

93 1788 318 1843 Secundus,
344 1789 558 1842 compositi
583 1789 626 1828 in
651 1790 975 1841 praesentiarum
1001 1787 1317 1828 rusticabuntur.
1351 1787 1391 1829 2.
1412 1788 1480 1828 ad-

94 1849 311 1903 stipulatur
336 1849 486 1890 iudicio
513 1861 603 1890 meo
630 1848 818 1889 volumen
844 1848 955 1903 illud,
982 1849 1090 1902 quod
1115 1854 1202 1889 tute
1223 1861 1347 1902 super
1373 1853 1480 1889 statu
1500 1864 1534 1890 25

93 1912 249 1951 animae
294 1922 432 1950 rerum
474 1909 771 1963 verborumque
818 1911 986 1950 scientia
1031 1910 1299 1950 divitissimus
1336 1921 1480 1962 propa-

93 1970 237 2011 lavisti.
301 1972 343 2011 in
384 1983 463 2023 quo
497 1970 593 2011 dum
631 1970 680 2011 ad
718 1983 854 2011 meum
892 1983 1042 2010 nomen
1080 1971 1366 2024 prooemiaris,
1405 1970 1482 2010 hoc

94 2111 234 2148 riorem
262 2111 294 2148 Ο
308 2113 320 2158 ΙΙ
339 2115 360 2147 2
387 2112 477 2146 tuus
497 2115 585 2157 post
602 2110 773 2147 intumus
793 2112 903 2159 vulyo
923 2112 1023 2155 add„
1049 2122 1118 2147 om.
1140 2111 1244 2147 codd.
1264 2113 1276 2157 ss
1297 2114 1318 2146 6
1345 2109 1481 2146 etiam-

93 2171 196 2196 nunc
224 2160 294 2196 GT
313 2162 319 2206 Ι
342 2158 470 2216 solito]
500 2158 654 2196 silentio
675 2160 766 2205 Leo,
790 2160 937 2205 frustra
958 2160 964 2206 1
987 2160 1083 2206 tete]
1110 2160 1149 2195 te
1170 2158 1278 2205 LTu
1299 2163 1319 2195 ’1
1345 2170 1482 2205 pecca-

94 2208 156 2244 bis
182 2209 261 2244 ,ΕΤ
284 2213 318 2245 et
343 2208 383 2255 (b
409 2209 451 2244 in
483 2219 557 2245 ras.
578 2208 717 2254 N¹)N,
754 2207 926 2255 peccaris
952 2209 1003 2251 P,
1042 2208 1128 2253 fort.
1161 2211 1274 2251 recte,
1311 2208 1482 2254 peccatis

95 2256 211 2311 ΜΟΙΙ
232 2261 275 2293 11
301 2258 414 2293 inser
441 2268 510 2293 om.
531 2257 598 2302 Lfl
620 2261 664 2293 13
691 2268 758 2292 cur
783 2268 850 2293 om.
880 2257 911 2293 O
933 2259 945 2303 ΙΙ
971 2259 1016 2291 16
1044 2255 1262 2304 sospitatis]
1291 2268 1343 2292 an
1369 2256 1483 2292 soda-

95 2304 246 2341 litatis?
271 2306 384 2351 Imety
379 2305 530 2350 oham,
560 2305 707 2350 frustra
725 2307 737 2352 ΙΙ
756 2309 803 2340 22
829 2305 970 2341 flumen
998 2305 1101 2350 MT,
1135 2303 1198 2339 vel
1221 2300 1368 2340 fulmen
1394 2305 1481 2342 add.

94 2364 125 2390 s.
151 2354 175 2390 l.
202 2318 576 2401 M²1123⁷Reatinus
603 2354 693 2399 Leo,
717 2353 905 2390 terentius
930 2354 1016 2398 ΕΤ,
1043 2352 1276 2389 terrentinus
1304 2356 1415 2398 (corr.
1440 2357 1484 2390 ut

95 2413 130 2438 v.
155 2413 201 2439 ex
225 2401 432 2438 terrentius
460 2402 510 2437 M
513 2402 662 2447 ¹)M011
