1592 2612
97 144 255 182 XXXVI
636 138 765 175 PRAE
772 135 924 174 FATIO.

96 246 239 287 melius
272 243 452 283 codicem
477 241 512 281 N
539 237 778 297 (proximae
803 238 981 284 consuli)
1008 239 1171 276 secutus
1198 245 1347 287 essem3
1379 243 1472 273 nam

98 307 258 348 consuli
288 305 330 343 in
361 302 575 355 archetypo
609 300 929 354 superscriptum
969 297 1094 337 fuisse
1133 307 1183 335 ex
1214 295 1302 348 ipsa
1333 293 1474 334 lectio-

99 378 198 407 num
229 366 419 405 varietate
452 361 626 414 colligas.
655 384 710 389 —
737 359 793 400 Π).
821 357 847 399 6
875 357 971 411 quid
1004 356 1083 396 sibi
1108 355 1203 396 velit
1233 355 1475 406 conspicati,

99 439 163 468 me
196 437 276 465 non
303 425 399 464 satis
425 423 681 476 perspexisse
709 421 847 460 fateor.
894 419 1119 472 Conspecta,
1146 415 1252 469 quod
1278 416 1321 455 in
1347 415 1476 454 omni-

98 487 174 527 hus
207 485 321 526 libris
354 489 432 537 est,
472 482 729 522 referendum
768 484 830 520 est
867 479 916 519 ad
947 480 1148 532 primores
1180 476 1477 528 advocatorum,

101 546 248 600 quibus
290 544 337 584 ab
378 545 487 583 omni
528 542 676 582 Galliae
719 545 835 581 coetu
877 539 1137 592 acclamatur,
1178 542 1224 578 ut
1254 538 1297 577 in
1330 547 1478 576 novum

106 605 311 647 consulem
344 604 506 656 quidam
539 616 588 642 cx
621 604 679 643 eis
712 601 979 642 laudationem
1006 598 1162 639 habeat.
1225 597 1274 638 At
1306 596 1376 651 illi,
1409 595 1479 637 ubi

103 679 241 707 omnes
276 676 318 705 se
351 665 500 704 intueri
538 663 694 716 vident,
732 661 933 701 Nicetium
967 659 1309 712 circumspiciunt.
1378 657 1479 698 Con-

104 730 264 779 spicere
303 729 365 765 est
397 727 524 765 oculis
557 726 780 773 designare
815 724 991 772 aliquem
1023 725 1069 760 ut
1101 732 1161 772 ep.
1194 718 1223 773 Ι,
1249 716 1290 772 9,
1316 716 1344 759 2
1371 730 1481 770 prae

103 788 250 828 ceteris
282 786 642 836 conspiciebantur
650 798 666 831 ,·
698 796 730 823 c.
756 782 835 836 XV,
864 778 950 822 155
978 793 1057 832 per
1094 780 1357 820 Tartesiacas
1383 790 1479 819 con-

104 851 267 898 spectus
297 847 505 897 splenduit
536 845 671 884 urbes.
698 866 754 871 —
781 842 836 882 Ib.
868 839 923 883 10
950 853 998 881 ex
1024 840 1099 880 NT
1126 842 1293 892 pariter
1326 843 1481 880 cuncta

106 906 364 947 scribendum
398 917 486 945 esse
518 905 666 958 putavi,
693 902 799 956 quod
831 902 894 943 vel
926 901 1025 942 locis
1052 900 1245 941 Plinianis
1278 901 1321 940 in
1348 898 1480 940 adnot.

106 966 234 1007 allatis
267 965 579 1006 commendatur.
613 987 669 992 —
702 964 757 1004 lb.
788 962 839 1004 11
875 967 915 1004 ct
945 964 1108 1013 quidem
1141 964 1268 1011 solus,
1307 962 1343 1000 si
1373 963 1484 1001 solus

108 1027 156 1067 ad
189 1028 395 1067 consuesti
425 1025 589 1079 referas,
622 1025 721 1064 ferri
752 1036 871 1076 posse
899 1021 1178 1062 Gustasssonio
1211 1021 1411 1062 assentior
1445 1024 1485 1060 et

108 1089 163 1127 ita
205 1087 367 1139 scripsi,
404 1086 643 1138 praesertim
677 1096 769 1124 cum
800 1083 873 1123 LN
906 1084 1013 1123 inter
1047 1095 1089 1122 se
1122 1083 1232 1135 ipsos
1265 1081 1484 1122 dissentire

107 1147 275 1186 videam.
320 1145 459 1198 Neque
485 1150 619 1185 tamen
646 1144 754 1184 illam
780 1144 994 1184 lectionem
1026 1144 1241 1195 genuinam
1268 1154 1357 1182 esse
1392 1154 1486 1182 con-

107 1206 308 1247 tenderim
346 1207 442 1254 (etsi
477 1207 658 1256 quidem,
698 1204 804 1258 quod
845 1203 876 1243 L
914 1202 1053 1257 habet,
1100 1203 1270 1243 fortasse
1310 1202 1487 1242 conferri

110 1271 245 1319 potest
276 1278 367 1306 cum
393 1268 575 1316 quumvis
602 1268 765 1316 quidem
789 1263 912 1304 Hilar.
939 1269 987 1304 tr.
1015 1276 1045 1304 s.
1072 1276 1131 1317 ps.
1158 1276 1195 1316 p.
1219 1261 1318 1317 706,
1344 1261 1402 1304 22
1429 1280 1487 1295 =

111 1324 286 1366 ‘obwohl
318 1322 568 1380 allerdings'3
602 1339 680 1378 quo
714 1337 906 1365 concesso
934 1327 1010 1365 etsi
1040 1326 1204 1375 quidem
1235 1326 1332 1365 solis
1364 1324 1488 1376 signi-

113 1387 251 1426 ficaret
277 1384 448 1425 ‘obwohl
481 1385 697 1439 allerdings
729 1398 807 1426 nur
834 1398 884 1426 an
911 1381 1111 1439 solchen'3
1145 1384 1215 1424 sed
1248 1397 1299 1424 ne
1331 1384 1372 1424 id
1399 1385 1487 1437 qui-

113 1447 204 1486 dem
242 1458 409 1499 prorsus
449 1442 674 1502 satisfacit).
722 1469 778 1474 ——
820 1445 875 1485 Ib.
911 1444 967 1487 12
1012 1446 1203 1486 cursibus
1248 1447 1404 1496 apertis
1445 1449 1491 1484 ut

114 1506 357 1546 locutionem
386 1508 607 1559 quaesitam
633 1511 674 1547 et
706 1506 869 1547 Sidonio
897 1507 1145 1559 aptissimam
1171 1506 1321 1546 mutari
1346 1504 1490 1559 nolim3

117 1571 210 1607 sunt
241 1568 348 1607 enim
382 1579 537 1621 cursus,
570 1569 639 1620 qui
670 1568 713 1607 in
744 1571 882 1620 aperto
915 1567 1028 1606 fiunt.
1062 1589 1118 1594 —
1152 1565 1207 1606 ΙΙ).
1238 1564 1294 1606 14
1325 1565 1375 1606 de
1407 1568 1490 1607 huc

116 1649 171 1655 —
200 1628 281 1667 huc
306 1640 340 1666 ν.
368 1639 426 1680 ep.
454 1627 500 1681 ΙΙ,
527 1625 567 1681 9,
592 1626 632 1667 4.
660 1651 715 1655 -
742 1627 840 1681 VIII,
867 1626 905 1681 7,
931 1625 960 1667 4
986 1626 1047 1666 vel
1081 1627 1350 1680 discrepantia
1383 1626 1490 1667 codi-

117 1699 208 1726 cum
245 1686 317 1726 LN
357 1689 485 1737 (quod
516 1692 554 1727 te
587 1691 682 1739 plus
715 1690 831 1728 decet
862 1687 911 1741 L,
954 1689 1065 1738 quod
1096 1690 1191 1739 plus
1224 1692 1263 1728 te
1295 1690 1414 1728 dccet
1444 1691 1491 1727 ut

114 1746 190 1786 vid.
223 1743 306 1802 Na)
340 1747 577 1787 documento
612 1761 700 1788 esse
733 1748 891 1788 videtur
929 1753 967 1788 te
1004 1760 1078 1800 per
1116 1747 1272 1788 librarii
1310 1759 1492 1788 errorem

116 1808 158 1846 in
201 1807 276 1847 hoc
315 1809 565 1847 enuntiatum
603 1810 830 1861 irrepsisse.
865 1831 920 1835 —
953 1807 1050 1862 VIII,
1078 1805 1117 1862 8,
1143 1806 1170 1849 3
1210 1821 1256 1849 eo
1290 1813 1491 1860 tempera-

117 1873 268 1917 mento,
311 1870 423 1917 quod
453 1873 591 1907 contra
623 1868 653 1907 L
686 1870 865 1921 restitui,
905 1881 1145 1921 quamquam
1190 1867 1493 1909 concedendum

119 1932 179 1966 est
211 1926 318 1967 illius
351 1927 522 1968 lectione
556 1941 634 1978 quo
668 1930 909 1968 sententiam
941 1930 1184 1981 apertiorem
1217 1930 1318 1969 fieri.
1347 1953 1403 1957 -
1436 1928 1493 1968 Ib.

119 1987 204 2027 coll.
237 1987 374 2027 Alcim.
407 1988 505 2027 Avit.
547 2001 579 2028 c.
605 1988 672 2041 VI,
706 1987 793 2030 613
832 2001 904 2041 pro
948 1992 1144 2040 censitor,
1186 1989 1292 2042 quod
1330 1988 1495 2042 Luetjo-

118 2047 273 2087 hannus
318 2049 485 2101 vestigia
530 2049 683 2088 codicis
715 2048 746 2087 L
784 2054 1022 2101 persecutus
1068 2051 1267 2104 restituit,
1307 2054 1496 2091 censetor

122 2109 285 2161 scripsi,
317 2109 359 2147 in
384 2108 427 2161 V,
459 2114 503 2148 ut
534 2108 611 2148 hoc
644 2108 798 2163 addam,
830 2114 892 2148 est
923 2122 1004 2150 non
1038 2115 1121 2150 tum
1152 2112 1364 2151 honorare
1397 2105 1494 2165 (om.

118 2170 282 2215 censor)
328 2181 449 2218 quam
494 2169 846 2216 censdforoneare.
881 2193 936 2196 —
982 2170 1084 2224 VIII,
1117 2168 1158 2225 9,
1191 2169 1219 2211 2
1264 2182 1346 2210 non
1385 2174 1497 2209 recte

119 2226 418 2279 Luetjohannus
451 2230 492 2268 in
519 2229 607 2269 adn.
640 2241 713 2281 pro
747 2232 891 2270 merito
925 2232 1072 2270 conicit
1098 2231 1268 2270 fortasse
1296 2232 1496 2270 immerito

119 2287 376 2327 scribendum
409 2301 509 2328 esse.
550 2289 805 2342 Lampridius
832 2291 939 2329 enim
967 2303 1060 2330 sane
1093 2290 1277 2343 habebat,
1310 2302 1384 2330 cur
1416 2289 1495 2330 lae-

123 2351 295 2401 taretur,
328 2350 420 2400 quia
446 2349 504 2402 id,
538 2349 643 2401 quod
677 2351 838 2402 assequi
864 2349 1062 2404 voluerat,
1095 2353 1397 2404 impetraverat3
1424 2351 1497 2390 ita-

123 2420 200 2460 que
233 2420 326 2448 cum
359 2408 574 2449 acerbitate
609 2409 778 2462 quadam
812 2410 1000 2450 Sidonius
1032 2416 1073 2451 ut
1108 2411 1287 2451 nondum
1322 2412 1385 2451 sui
1417 2412 1499 2450 voti
