1592 2612
157 138 212 181 10
655 136 801 172 LIBER
825 134 1018 172 PRIMUS.

152 239 261 292 pulte
306 239 503 279 fossarum
547 238 731 278 discursu
782 237 974 290 lyntrium
1017 236 1205 277 ventilata
1251 238 1338 290 ipse
1382 235 1521 278 lentati

152 299 361 351 languidus
411 298 545 351 lapsus
587 299 740 338 umoris
790 298 961 338 nauticis
1006 297 1240 350 cuspidibus
1284 296 1522 338 foraminato

153 359 266 400 fundi
299 359 450 412 glutino
483 358 768 411 sordidaretur,
801 360 843 398 in
875 357 1006 397 medio
1040 357 1239 398 undarum
1272 357 1522 413 sitiebamus,

154 421 245 472 quia
271 432 467 472 nusquam
487 419 549 459 vel
574 418 894 471 aquaeductuum
920 417 1053 471 liquor
1079 420 1237 471 integer
1255 417 1319 459 vel
1345 420 1522 460 cisterna

115 490 132 517 ⁵
153 479 404 520 defaecabilis
436 479 498 519 vel
530 480 618 519 fons
644 481 828 532 inriguus
854 478 915 518 vel
940 484 1086 532 puteus
1113 478 1277 519 inlimis.
1343 477 1381 520 7.
1413 479 1521 520 unde

151 541 375 593 progressis
417 540 464 579 ad
503 539 751 580 Rubiconem
792 545 972 593 ventum,
1017 541 1087 592 qui
1131 541 1330 593 originem
1366 541 1522 581 nomini

152 600 199 640 de
244 600 466 652 glarearum
517 600 648 640 colore
698 602 869 653 puniceo
920 599 1177 641 mutuabatur
1227 601 1378 654 quique
1427 600 1522 641 olim

151 659 272 700 Gallis
316 660 519 713 cisalpinis
556 660 746 713 italisque
791 660 993 701 veteribus
1038 662 1236 701 terminus
1279 666 1383 716 erat,
1428 674 1521 702 cum

149 720 307 773 populis
351 722 531 773 utrisque
575 720 794 761 Hadriatici
837 722 959 761 maris
1011 721 1157 774 oppida
1202 720 1350 762 divisui
1394 722 1520 762 fuere.

98 792 132 818 10
150 780 242 820 hinc
267 781 489 835 Ariminum
521 780 960 835 Fanumqueperveni,
992 781 1089 821 illud
1117 781 1269 822 Iuliana
1300 781 1522 823 rebellione

149 840 419 895 memorabile,
450 841 525 882 hoc
556 841 872 882 Hasdrubaliano
904 843 1044 882 funere
1077 843 1288 883 infectum:
1321 842 1523 896 siquidem

149 900 231 941 illic
268 901 487 955 Metaurus,
532 904 646 942 cuius
691 904 746 942 ita
792 901 869 954 [in]
916 902 1078 955 longum
1122 903 1292 944 felic-itas
1336 916 1418 944 uno
1456 903 1521 944 die

149 966 261 1013 parta
293 963 522 1016 porrigitur,
554 975 599 1002 ac
632 964 667 1002 si
693 964 814 1003 etiam
839 975 947 1003 nunc
973 963 1190 1004 Dalmatico
1218 963 1301 1004 salo
1328 963 1522 1005 cadavera

102 1034 107 1039 ·
151 1022 455 1073 sanguinulenta
505 1022 742 1063 decoloratis
794 1023 1019 1076 gurgitibus
1070 1025 1250 1065 inferret.
1336 1022 1376 1066 8.
1425 1024 1521 1065 hinc

97 1092 129 1118 15
150 1086 282 1121 cetera
314 1081 529 1122 Flaminiae
569 1083 714 1135 oppida
746 1085 898 1138 statim,
936 1089 981 1124 ut
1018 1084 1292 1139 ingrediebar,
1330 1097 1520 1138 egressus

149 1140 258 1181 laevo
290 1142 485 1196 Picentes,
523 1143 662 1183 dextro
694 1143 865 1184 Umbros
897 1144 1020 1185 latere
1052 1147 1278 1200 transmisi3
1316 1145 1388 1186 ubi
1419 1145 1520 1186 mihi

150 1213 221 1240 seu
250 1201 415 1242 Calaber
439 1202 630 1243 Atabulus
663 1216 735 1244 seu
765 1204 958 1257 pestilens
990 1207 1101 1258 regio
1122 1205 1347 1247 Tuscorum
1373 1207 1521 1260 spiritu

149 1262 253 1301 aeris
291 1264 495 1302 venenatis
534 1263 694 1304 flatibus
733 1265 931 1305 inebriato
970 1271 1010 1306 et
1049 1266 1167 1306 modo
1207 1266 1362 1308 calores
1400 1266 1520 1308 alter-

148 1327 286 1375 nante,
329 1322 446 1362 modo
491 1324 640 1376 frigora
684 1331 916 1378 vaporatum
961 1338 1107 1379 corpus
1152 1327 1301 1368 infecit.
1364 1329 1519 1368 interea

94 1393 129 1418 20
149 1380 272 1421 febris
306 1384 473 1435 sitisque
504 1386 802 1436 penitissimum
840 1387 973 1426 cordis
1006 1387 1352 1441 medullarumque
1373 1393 1519 1428 ‘'secre-

148 1446 233 1480 tum
265 1442 624 1498 depopulabantur3
664 1458 833 1498 quarum
864 1447 1043 1487 aviditati
1074 1460 1155 1488 non
1188 1448 1319 1489 solum
1351 1460 1520 1489 amoena

148 1501 319 1542 fontium
352 1507 418 1542 aut
449 1503 631 1544 abstrusa
668 1511 899 1561 puteorum,
938 1520 1178 1561 quamquam
1209 1509 1307 1550 haec
1346 1521 1520 1563 quoque,

149 1561 217 1600 sed
262 1567 343 1602 tota
388 1563 455 1603 illa
492 1564 553 1604 vel
591 1566 719 1606 vicina
756 1567 818 1607 vel
857 1567 970 1608 obvia
1009 1568 1169 1623 fluenta,
1214 1569 1255 1609 id
1297 1574 1359 1610 est
1391 1568 1520 1610 <vitrea

147 1620 275 1661 Velini
318 1623 445 1675 gelida
490 1624 698 1680 Clitumni,
741 1628 904 1668 Anienis
949 1629 1108 1670 caerula
1153 1629 1270 1670 Naris
1316 1629 1518 1684 sulpurea,

94 1692 129 1718 25
148 1693 248 1733 pura
291 1682 452 1723 Fabaris
502 1685 661 1726 turbida
706 1686 881 1742 Tiberis,
931 1694 1041 1730 metu
1091 1695 1225 1730 tamen
1270 1689 1519 1730 desiderium

147 1740 318 1796 fallente,
349 1743 645 1796 pollicebamur.
710 1745 749 1787 9.
782 1749 888 1788 inter
919 1749 1017 1789 haec
1048 1751 1178 1802 patuit
1203 1754 1244 1790 et
1267 1749 1393 1790 Roma
1423 1762 1518 1791 con-

148 1804 320 1856 speetu13
359 1805 471 1844 cuius
509 1806 609 1845 mihi
640 1819 721 1846 non
754 1808 882 1848 solum
914 1809 1062 1850 formas
1095 1822 1234 1850 verum
1267 1811 1388 1850 etiam
1419 1823 1517 1851 nau-

147 1861 322 1902 machias
354 1864 516 1904 videbar
548 1871 792 1918 epotaturus
854 1868 925 1909 ubi
956 1872 1192 1923 priusquam
1224 1869 1287 1911 vel
1311 1872 1519 1924 pomoeria

147 1923 438 1976 contingerem,
477 1926 784 1978 triumphalibus
823 1930 1094 1982 apostolorum
1126 1930 1332 1971 liminibus
1365 1932 1517 1972 affusus

92 1992 127 2018 30
147 1993 305 2021 omnem
348 1985 531 2035 protinus
579 1989 688 2026 sensi
724 1989 916 2029 membris
955 1991 1056 2031 male
1097 1991 1268 2031 fortibus
1307 1991 1517 2045 explosum

244 2125 261 2156 1
290 2126 375 2158 ante
400 2122 482 2168 ipse
503 2124 567 2171 leq.
589 2126 628 2160 et
653 2127 696 2161 in
714 2127 801 2164 ΜΟ
821 2132 854 2165 et
872 2140 899 2165 s.
922 2130 944 2166 l.
965 2130 1008 2166 in
1029 2131 1072 2175 T,
1099 2142 1166 2167 om.
1187 2130 1276 2167 LN
1287 2132 1300 2177 u
1321 2134 1340 2166 7
1367 2132 1517 2166 mutua-

145 2167 259 2204 batur
278 2170 314 2205 L
339 2174 373 2206 et
396 2175 439 2207 ut
463 2173 536 2208 vid.
559 2173 605 2208 N
626 2175 733 2218 (corr.
759 2177 801 2211 in
826 2178 1022 2213 mutuat-ur
1042 2179 1088 2215 N
1093 2180 1134 2225 ¹),
1161 2179 1385 2215 mutuabimur
1410 2180 1451 2226 (n
1474 2183 1518 2216 ut

143 2228 175 2253 v.
198 2228 246 2254 er.
267 2218 318 2253 M
324 2218 415 2273 21)M,
440 2222 637 2256 mutuatur
664 2222 751 2267 CT‚·
776 2224 821 2268 cf.
843 2236 959 2271 supra
983 2226 1011 2273 ἕ
1030 2229 1054 2262 4
1079 2227 1298 2263 oriebantur
1315 2228 1329 2271 ss
1349 2230 1395 2263 10
1420 2226 1518 2263 iulia

145 2267 214 2311 (sp.
235 2268 288 2302 24
315 2267 382 2302 lztt.
408 2270 503 2310 vac.)
530 2267 602 2304 hoc
628 2269 664 2305 L
682 2272 693 2316 ΙΙ
716 2274 757 2306 12
786 2272 825 2307 in
851 2284 917 2309 om.
939 2274 990 2319 L,
1017 2286 1044 2310 s.
1072 2276 1095 2311 l.
1123 2276 1211 2312 add.
1231 2275 1277 2311 N
1283 2275 1355 2319 ¹V,-
1386 2275 1518 2312 seclusi

142 2312 155 2360 11
182 2315 226 2349 13
253 2315 366 2360 parta
391 2325 457 2351 om.
481 2316 513 2352 G
527 2318 604 2370 1119
630 2329 679 2352 va
712 2324 779 2365 (sp.
803 2324 850 2356 10
877 2321 946 2357 litt.
973 2326 1066 2362 vac.)
1096 2334 1232 2369 corpus
1257 2326 1327 2369 (sp.
1349 2326 1396 2359 14
1422 2323 1446 2360 Ζ.
1466 2327 1519 2368 v.)

143 2361 250 2397 terea.
274 2362 311 2397 L
329 2364 341 2407 ΙΙ
361 2366 407 2417 2312
420 2362 560 2416 'Vehni
585 2365 789 2403 Mommsen
814 2369 877 2413 (cf.
906 2370 1009 2417 Very.
1029 2370 1122 2407 Aen.
1150 2371 1239 2416 VII,
1261 2374 1349 2416 517)
1357 2386 1371 2417 ;
1396 2370 1518 2407 fucini

142 2408 236 2445 LM
239 2409 283 2456 T,
309 2421 430 2446 suclm
452 2411 483 2448 Ο
497 2414 508 2458 ΙΙ
528 2416 573 2448 27
600 2413 739 2450 formas
766 2427 857 2452 corr.
878 2418 920 2453 in
938 2417 1107 2454 thermas
1129 2419 1203 2465 111²,
1229 2420 1272 2455 in
1291 2420 1432 2455 termas
1445 2419 1518 2468 ΡΗ
