1592 2612
639 78 934 116 PRAEFATIO.
1360 77 1483 115 XXXI

93 195 127 223 c.
159 181 204 237 V,
230 179 319 223 211
347 187 444 234 post
474 187 657 233 tempore
683 183 862 233 parvo);
905 180 954 221 ad
992 181 1100 221 hune
1132 179 1266 220 locum
1297 181 1482 233 proxime

94 242 251 284 accedit
282 241 401 283 Corn.
434 241 533 295 Nep.
565 241 681 282 Paus.
713 241 779 296 III,
811 241 831 282 l
862 247 957 293 post
987 254 1070 283 non
1102 244 1237 282 multo.
1273 264 1329 268 —
1362 240 1418 281 lh.
1455 242 1479 281 3

93 306 220 345 altius
252 315 350 344 sane
384 304 618 343 inusitatius
652 302 804 343 dictum
838 307 917 357 est3
951 302 1022 343 sed
1055 303 1176 343 etiam
1209 301 1258 342 de
1286 301 1480 354 profutu-

91 377 186 406 rum
211 363 364 404 dubito.
397 363 531 404 Malim
552 363 836 415 profuturam,
855 368 901 404 ut
921 365 1224 414 praeroqativa
1252 362 1481 403 subiectum

93 426 292 466 enuntiati
323 425 402 465 fiat.
437 447 494 452 ——
527 423 588 478 VI,
613 423 655 479 4,
685 423 705 464 1
751 424 903 464 codicis
941 423 972 463 L
1004 423 1221 464 lectionem
1254 436 1335 475 pro
1372 436 1480 465 nova

91 487 397 527 necessitudine
422 490 621 526 vetustam
652 488 936 526 necessitatem
963 497 1055 525 cum
1081 483 1360 538 Luetjohanno
1386 496 1479 537 pro-

90 546 263 587 bandam
295 558 385 587 esse
419 545 597 599 confido,
637 547 786 599 quippe
826 558 927 599 quae
967 545 1113 586 melius
1153 557 1245 586 eum
1278 545 1479 598 significa-

89 608 200 648 tione
238 619 383 648 vocum
421 606 581 647 illarum
620 619 642 646 a
679 619 743 646 me
782 608 825 647 in
863 619 996 660 progr.
1036 606 1319 647 Bremerhavn.
1353 619 1390 660 p.
1422 604 1478 648 13

90 667 287 722 explicata
320 672 525 720 congruat.
560 691 616 695 —
650 667 704 708 Ib.
738 679 820 707 non
853 672 915 708 est
948 668 1054 720 quod
1082 673 1367 719 pervenerunt
1398 662 1478 723 (sic

88 727 133 782 F,
165 734 369 770 venerunt
399 723 505 784 rell.)
544 728 832 782 praeferamus.
895 728 1022 768 Immo
1062 728 1103 769 id
1142 730 1276 781 ipsum
1309 728 1478 769 verbum

89 789 342 830 reiciendum
376 789 551 843 videtur,
585 790 678 842 quia
711 801 803 829 cum
835 789 971 829 verbis
999 802 1117 830 casso
1143 791 1289 830 labore
1312 794 1476 842 pugnat.

91 874 148 879 —
167 849 223 890 ΙΙ).
246 848 273 891 3
306 862 400 891 cum
432 852 610 891 civilitas
642 850 740 890 ferri
773 849 883 890 nullo
916 850 1036 890 modo
1069 855 1226 905 posset,
1253 852 1478 892 incivilitas

88 910 383 952 dubitationem
420 915 619 965 moveret,
664 910 936 951 Gustafssonii
975 912 1252 951 coniecturam
1295 914 1478 962 qualitas

87 973 236 1025 recepi.
270 994 327 999 —-
360 971 422 1026 VI,
450 970 489 1025 8,
517 970 544 1012 2
578 971 675 1024 quid
708 973 751 1011 in
790 971 976 1012 codicum
1009 971 1147 1012 LN²C
1180 971 1354 1012 lectione
1388 984 1476 1025 gra-

86 1034 192 1073 viter
237 1037 428 1085 corrupta
468 1032 625 1083 fontem
670 1034 976 1073 mercatoribus
1019 1032 1159 1087 lateat,
1204 1032 1368 1073 difficile
1415 1037 1478 1073 est

86 1093 212 1134 dictu.
245 1092 434 1134 Fortasse
468 1092 730 1134 scribendum
763 1097 826 1133 est
853 1093 1011 1144 fontem
1042 1097 1149 1134 meri
1181 1088 1263 1150 (vei
1295 1095 1475 1143 merum)

87 1157 244 1196 caloris
287 1157 417 1195 vestri
447 1156 622 1204 (caloris
655 1157 719 1195 tui
747 1152 828 1194 Leo
863 1150 1075 1211 coniecit);
1121 1155 1169 1195 ef.
1210 1167 1270 1208 ep.
1305 1154 1352 1209 II,
1380 1152 1421 1209 5,
1447 1153 1475 1195 2

88 1218 215 1256 vestri
240 1247 248 1255 .
277 1247 286 1255 .
308 1214 426 1266 fonte
451 1217 615 1256 consilii
619 1230 635 1264 ;
667 1214 732 1268 III,
757 1213 823 1269 10,
847 1214 869 1256 1
900 1218 959 1256 ad
982 1218 1310 1256 meracissimum
1341 1218 1474 1256 seien-

86 1278 172 1317 tiae
210 1274 390 1326 fontem;
433 1275 570 1317 Ruric.
615 1289 653 1329 p.
691 1273 798 1330 369,
834 1274 862 1316 2
913 1279 1198 1317 meracissima
1243 1278 1474 1318 dilectione.

86 1359 144 1365 —
177 1336 239 1392 VI,
267 1335 336 1391 12,
363 1335 390 1377 6
424 1349 474 1377 ex
505 1336 544 1376 M
581 1339 841 1387 siqnificibus
880 1338 1044 1391 scripsi3
1084 1337 1132 1378 cf.
1167 1350 1228 1390 ep.
1261 1337 1323 1392 IV,
1357 1336 1396 1391 1,
1427 1336 1474 1391 4,

85 1397 147 1452 IV,
182 1395 229 1452 9,
262 1396 308 1451 2,
352 1397 456 1452 VIII,
491 1396 565 1452 11,
600 1396 674 1452 14,
720 1411 752 1438 c.
788 1397 841 1452 Π,
878 1397 961 1439 171
998 1393 1119 1453 (falso
1151 1399 1476 1449 Heraclitusque

86 1453 233 1514 codd).
274 1481 330 1486 —
369 1457 424 1498 lb.
463 1471 537 1511 pro
577 1461 791 1508 conciliat,
831 1459 936 1512 quod
984 1459 1179 1512 explicari
1222 1460 1288 1499 vix
1328 1463 1475 1513 potest,

85 1518 356 1572 Luetjohanni
388 1520 662 1559 coniecturam
695 1521 921 1560 concinnat
958 1521 1114 1574 recepi,
1147 1532 1391 1573 quamquam
1422 1532 1473 1559 ne

84 1579 162 1620 hoc
182 1579 347 1633 quidem
373 1579 541 1620 verbum
567 1592 736 1633 prorsus
758 1580 957 1632 quadrare
977 1580 1149 1621 videtur.
1190 1580 1281 1633 Ipse
1302 1585 1473 1634 tempta-

83 1653 221 1681 veram
248 1643 427 1681 cantitat
452 1639 540 1680 coll.
568 1653 628 1694 ep.
655 1640 753 1694 VIII,
778 1639 845 1695 13,
872 1639 899 1682 2
923 1640 1054 1695 fama,
1081 1644 1261 1694 inquam,
1288 1654 1397 1692 quae
1423 1643 1475 1682 de

84 1702 280 1742 laudibus
313 1703 395 1741 tuis
426 1713 520 1742 cum
553 1707 680 1742 canat
712 1704 853 1755 multa,
882 1705 977 1753 plus
1009 1704 1168 1743 reticet.
1214 1701 1315 1742 Nam
1348 1703 1473 1742 canti-

84 1761 195 1802 landi
226 1760 408 1816 verbum,
441 1761 548 1815 quod
576 1775 597 1802 a
623 1762 770 1802 tradita
796 1762 970 1803 lectione
998 1764 1120 1803 etiam
1146 1764 1314 1815 propius
1348 1762 1474 1817 abest,

84 1835 133 1863 ex
164 1821 334 1876 Apuleio
367 1822 561 1863 inducere
595 1822 786 1863 audacius
819 1825 951 1864 visum
985 1828 1058 1864 est.
1092 1846 1148 1851 —
1182 1822 1238 1863 Ib.
1266 1821 1292 1865 8
1325 1824 1472 1864 Arela-

84 1889 217 1925 tenses
249 1884 448 1924 Reienses
481 1879 576 1939 (hoc
608 1889 755 1938 tamen,
788 1897 869 1924 non
902 1885 1132 1935 Reqenses)
1165 1885 1347 1938 restitui,
1381 1897 1473 1924 cum

84 1956 133 1984 ex
161 1945 233 1998 eis,
253 1957 355 1997 quae
382 1950 620 1999 sequuntur,
640 1946 999 1986 inconcinnitatem
1027 1946 1222 1985 orationis
1249 1946 1473 1997 quaesitam

83 2017 173 2045 esse
206 2009 409 2058 appareat.
448 2029 504 2033 —
542 2005 622 2059 VII,
651 2004 689 2059 1,
715 2004 744 2046 2
778 2011 936 2047 tantum
969 2007 1115 2059 scripsi
1156 2007 1310 2055 (tamen
1344 2005 1471 2060 codd,

83 2068 166 2106 iam
197 2061 534 2121 Luetjohannus).
568 2066 624 2106 Cf.
653 2078 714 2120 ep.
735 2066 832 2121 VIII,
860 2066 899 2121 3,
927 2066 954 2109 3
981 2070 1057 2107 uni
1082 2072 1239 2107 tantum
1248 2081 1263 2114 ;
1294 2065 1356 2120 IV,
1383 2064 1422 2120 2,
1443 2065 1471 2107 3

84 2127 161 2166 tibi
190 2129 268 2167 uni
296 2129 375 2167 soli
405 2132 574 2167 tantum.
610 2151 667 2155 —
700 2126 755 2167 lh.
789 2126 816 2168 3
855 2132 949 2180 post
987 2127 1109 2167 verba
1148 2130 1249 2168 latet
1285 2132 1471 2168 nostram

80 2189 405 2228 sciscitationem
452 2186 603 2240 aliquid
649 2187 791 2228 deesse
838 2190 937 2229 satis
983 2193 1157 2243 constat,
1203 2190 1338 2241 itaque
1377 2200 1471 2228 cum

80 2246 359 2300 Luetjohanno
392 2250 504 2298 quod
539 2249 707 2288 inserui.
771 2249 820 2289 At
858 2250 1141 2290 cuiuscemodi
1171 2247 1220 2289 ah
1254 2248 1395 2289 eodem
1427 2250 1471 2288 in

82 2310 399 2359 cuiusquemodi
429 2313 628 2349 mutatum
659 2310 827 2349 minime
859 2308 1023 2362 probari
1055 2314 1200 2362 potest.
1248 2308 1303 2350 Cf.
1333 2309 1469 2350 Claud.

82 2367 199 2408 Mam.
234 2382 270 2422 p.
301 2367 370 2422 73,
398 2367 443 2423 2,
477 2368 547 2424 83,
576 2368 654 2424 16,
687 2369 879 2423 panegyr.
914 2365 996 2425 (ed.
1030 2366 1192 2426 Baehr.)
1224 2383 1261 2423 p.
1291 2368 1391 2425 251,
1427 2369 1471 2426 1,
