1592 2612
132 113 190 155 88
609 110 759 147 menn
783 110 1026 155 QUARTUS.

133 216 254 255 miter
286 214 463 267 admitte,
501 218 546 254 ut
578 213 779 253 desiderio
812 224 902 252 meo
941 214 1108 253 sinister
1146 217 1313 253 eventus
1352 211 1516 267 officiat,

134 275 262 315 donec
295 274 343 314 ad
375 286 445 314 vos
483 278 621 313 nostro
663 285 848 313 sermone
886 274 1095 326 perveniat
1134 273 1182 314 ad
1221 285 1295 313 nos
1333 277 1515 314 vestrum

133 347 214 375 non
246 336 478 388 pervenisse
513 346 751 374 sermonem.
815 333 955 374 valete.

758 511 877 556 XIII.

406 607 634 644 SIDONIUS
660 607 841 644 VECTIO
868 607 961 644 SUO
989 607 1232 645 SALUTEM.

95 711 114 738 5
225 694 262 736 1.
295 695 432 749 Nuper
451 701 593 749 rogatu
614 695 843 737 Germanici
870 697 1102 750 spectabilis
1127 699 1206 738 viri
1226 696 1515 739 Cantillensem

133 756 344 797 ecclesiam
389 758 557 809 inspexi.
629 762 691 797 est
728 759 815 810 ipse
861 757 949 797 loco
990 759 1160 798 sitorum
1199 758 1315 800 facile
1357 760 1516 813 primus

134 818 282 870 quique
314 822 406 870 post
437 821 597 870 tergum
629 829 721 858 cum
753 819 833 858 iam
863 818 1077 859 duodecim
1102 819 1230 860 lustra
1254 821 1516 875 transmittat,

133 877 279 917 cotidie
325 882 459 918 tamen
496 877 637 918 habitu
676 878 866 932 cultuque
913 880 1132 933 conspicuo
1171 892 1253 920 non
1292 881 1518 922 iuvenescit

134 938 263 978 solum
297 938 366 978 sed
400 938 692 991 quodammodo
725 941 987 992 repuerascit.
1052 942 1256 981 enimvero
1290 942 1416 982 vestis
1448 941 1516 982 ad-

80 1014 116 1041 10
137 1000 286 1053 stricta,
318 1003 458 1039 tensus
491 1003 697 1054 coturnus,
731 1001 855 1040 crinis
888 1001 931 1040 in
963 1006 1074 1041 rotae
1108 1002 1315 1054 specimen
1347 1003 1518 1056 accisuS,

133 1059 257 1100 barba
290 1061 395 1099 intra
427 1072 618 1112 rugarum
651 1059 824 1100 latebras
864 1062 1011 1101 mersis
1045 1061 1093 1101 ad
1127 1067 1262 1103 cutem
1295 1067 1404 1103 secta
1436 1062 1517 1103 for-

135 1119 304 1172 cipibus.
357 1117 395 1159 2.
429 1120 478 1160 ad
509 1120 586 1160 hoc
619 1125 659 1160 et
684 1133 853 1161 munere
881 1133 1057 1174 superno
1084 1122 1361 1163 membrorum
1388 1122 1517 1164 solida

134 1182 377 1234 coniunctio,
410 1182 567 1233 integer
592 1182 714 1235 visus,
747 1181 904 1234 amplus
931 1183 974 1222 in
1000 1182 1125 1223 celeri
1151 1195 1314 1236 gressus
1341 1185 1519 1239 incessu,

134 1242 390 1293 incorruptae
436 1240 563 1281 lactea
601 1241 783 1282 dentium
829 1255 1020 1295 compage
1066 1245 1261 1297 gingivae.
1331 1257 1413 1285 non
1457 1244 1519 1285 illi

81 1316 116 1343 15
137 1301 365 1341 stomachus
392 1306 570 1356 nauseat,
599 1314 680 1342 non
706 1315 807 1343 vena
833 1302 1072 1358 flammatur,
1105 1317 1186 1344 non
1213 1317 1283 1345 cor
1309 1306 1520 1360 incutitur,

135 1374 216 1401 non
248 1361 382 1414 pulmo
417 1363 602 1416 suspirat,
640 1375 722 1402 non
754 1364 860 1416 riget
891 1363 1071 1419 lumbus,
1109 1377 1191 1405 non
1223 1366 1338 1406 iecur
1368 1370 1520 1420 turget,

135 1434 217 1461 non
249 1421 447 1462 mollescit
484 1435 644 1477 manus,
681 1435 763 1463 non
803 1425 918 1477 spina
956 1429 1158 1480 curvatur,
1198 1425 1269 1466 sed
1308 1426 1518 1480 praeditus

137 1483 306 1522 sanitate
340 1482 513 1522 iuvenali
546 1483 670 1523 solam
703 1483 781 1524 sibi
813 1485 990 1525 vindicat
1015 1485 1064 1526 de
1092 1491 1300 1529 senectute
1327 1499 1517 1528 reveren-

136 1543 244 1582 tiam.
308 1541 346 1583 3.
379 1548 544 1595 propter
583 1557 683 1596 quae
715 1544 911 1585 beneficia
942 1546 1163 1599 peculiaria
1202 1547 1287 1602 dei,
1326 1549 1518 1601 quoniam

82 1619 118 1645 20
136 1602 249 1642 vobis
275 1604 362 1642 iura
389 1604 587 1643 amicitiae
614 1605 780 1656 grandia
805 1607 953 1661 vigent,
987 1608 1136 1660 quippe
1156 1609 1314 1662 vicinis,
1347 1608 1517 1656 obsecro

137 1675 182 1702 ac
214 1675 369 1716 moneo,
400 1668 445 1703 ut
477 1663 644 1703 consilio
676 1669 758 1719 tuo,
792 1668 858 1706 cui
890 1667 1096 1720 sequendo
1125 1681 1200 1721 per
1226 1670 1518 1710 conscientiam

136 1735 322 1775 magnam
352 1724 568 1763 maximam
599 1724 744 1765 tribuis
778 1729 1070 1782 auctoritatem,
1105 1741 1186 1769 non
1218 1729 1389 1770 multum
1420 1729 1519 1770 fidat

137 1782 335 1835 ambiguis
360 1795 434 1823 nec
460 1785 581 1823 nimis
607 1786 755 1825 nimiae
782 1787 920 1827 credat
945 1788 1224 1844 incolumitati,
1257 1789 1328 1830 sed
1353 1790 1517 1830 tandem

137 1843 389 1896 professione
434 1843 640 1896 religionis
686 1852 845 1899 arrepta
888 1848 1042 1889 viribus
1086 1852 1223 1902 potius
1263 1851 1519 1904 resurgentis

83 1918 121 1946 25
141 1904 395 1944 innocentiae
435 1904 695 1959 convalescat,
740 1906 858 1947 saciat
897 1920 938 1948 se
983 1914 1165 1951 vetustus
1204 1912 1322 1952 annis
1359 1912 1518 1953 meritis

139 1976 298 2004 novum.
360 1962 401 2004 4.
435 1969 474 2003 et
506 1966 695 2017 quoniam
727 1979 845 2006 nemo
878 1968 1004 2009 ferme
1038 1975 1111 2024 est,
1144 1973 1213 2024 qui
1241 1971 1518 2025 plectibilibus

140 2029 275 2064 careat
306 2023 487 2077 occultis,
520 2026 606 2077 ipse
640 2038 761 2078 super
789 2027 866 2082 his,
899 2042 999 2081 quae
1028 2030 1128 2071 clam
1155 2033 1371 2073 commissa
1396 2033 1519 2072 remi-

139 2085 322 2138 niscitur,
355 2083 485 2137 palam
518 2085 605 2125 fusa
633 2087 904 2128 satisfactione
933 2089 1118 2131 solvatur.
1177 2105 1270 2132 nam
1297 2092 1519 2133 sacerdotis

237 2253 258 2284 3
285 2248 370 2285 vale
397 2249 575 2294 LMOP,
600 2260 667 2286 om.
690 2249 732 2285 F
747 2252 760 2296 ΙΙ
779 2255 801 2286 4
826 2252 938 2290 inser.
966 2265 1033 2291 om.
1061 2255 1097 2290 L
1115 2259 1127 2301 ΙΙ
1155 2260 1174 2291 7
1201 2258 1427 2303 postergum
1455 2255 1488 2293 0
1507 2256 1519 2304 {l

137 2299 160 2332 8
187 2296 322 2332 habitu
348 2298 478 2332 tamen
500 2297 532 2333 G
546 2299 559 2343 ΙΙ
580 2302 622 2333 11
649 2297 859 2344 forcipibus
879 2301 914 2335 L
929 2302 971 2344 V,
997 2303 1207 2349 forpicibus
1236 2307 1345 2350 (corr.
1372 2317 1418 2342 ex
1442 2304 1518 2340 for-

137 2344 289 2391 cipibus
309 2345 355 2380 N
357 2346 379 2389 ¹,
405 2344 483 2390 pici
502 2347 545 2382 in
563 2357 638 2382 ras.
659 2346 738 2391 M1)
749 2347 794 2383 N
796 2349 847 2383 M
852 2348 883 2385 Ο
888 2350 921 2384 Τ
937 2351 950 2396 ΙΙ
970 2353 1015 2385 18
1034 2351 1203 2387 iuvenali
1222 2353 1390 2399 LMN¹‚
1414 2352 1519 2390 iuve-

137 2393 210 2429 nili
235 2393 374 2430 N²OT
390 2395 401 2440 ΙΙ
421 2397 467 2429 28
492 2393 623 2440 palam
648 2394 735 2431 fusa
762 2395 1025 2435 satisfactione
1052 2399 1223 2436 solvatur
1249 2412 1316 2439 om.
1337 2402 1404 2448 Lss
