1592 2612
103 108 162 152 52
595 102 744 139 LIBER
768 99 987 137 TERTIUS.

103 223 207 264 mur,
241 208 399 262 quibus,
430 211 475 247 ut
507 205 776 257 recognoscis,
808 214 890 242 non
922 202 1049 254 magis
1082 199 1196 240 cordi
1228 202 1290 239 est
1323 202 1391 238 aut
1416 208 1484 236 vo-

104 271 248 323 luptati
280 281 375 321 ager
407 279 499 308 cum
530 265 729 306 reditibus
762 262 924 317 amplis,
964 273 1084 314 quam
1115 261 1274 300 vicinus
1306 256 1486 311 aequalis

107 343 198 372 cum
229 329 346 369 bonis
379 327 570 368 moribus.
622 324 720 366 vale.

169 703 293 753 GAI
333 700 570 751 SOLLII
609 696 1108 748 APOLLINARIS
1149 694 1431 744 SIDONII

540 794 1068 846 EPISTULARUM

593 917 746 958 LIBER
778 915 1008 957 TERTIUS.

788 1046 820 1090 I.

402 1130 631 1172 SIDONIUS
658 1129 811 1166 AVITO
840 1129 932 1166 SUO
961 1127 1205 1164 SALUTEM.

73 1223 90 1250 5
206 1209 241 1250 1.
274 1208 408 1249 Multis
442 1208 605 1261 quidem
636 1207 808 1248 vinculis
842 1208 1023 1247 caritatis
1051 1205 1099 1245 ab
1126 1207 1295 1245 ineunte
1321 1206 1498 1258 pueritia

111 1270 303 1325 quicquid
335 1270 518 1310 venimus
551 1270 594 1308 in
625 1270 875 1308 iuventutem
907 1268 1058 1320 gratiae
1086 1278 1176 1306 sese
1204 1271 1369 1306 mutuae
1396 1277 1496 1306 cura

110 1335 322 1384 nexuerat,
360 1331 555 1383 primum,
595 1330 688 1382 quia
719 1327 917 1368 matribus
958 1328 1109 1367 nostris
1144 1339 1300 1367 summa
1333 1327 1497 1378 sangui-

110 1394 175 1433 nis
208 1392 337 1431 iuncti
368 1389 643 1443 necessitud03
677 1389 782 1442 dein,
815 1388 922 1442 quod
951 1389 1030 1441 ipsi
1056 1387 1214 1427 hisdem
1240 1386 1497 1440 temporibus

110 1454 194 1493 nati
226 1452 430 1504 magistris
462 1452 538 1504 usi,
571 1449 727 1490 artibus
754 1450 929 1489 instituti
955 1447 1112 1489 lusibus
1140 1449 1266 1502 otiati,
1299 1448 1496 1501 principi—

58 1526 92 1552 10
111 1513 186 1553 bus
227 1513 355 1552 evecti
393 1510 605 1563 stipendiis
645 1510 847 1563 perfuncti
887 1522 1045 1563 sumus3
1091 1514 1150 1563 et,
1196 1508 1303 1562 quod
1343 1513 1404 1548 est
1445 1507 1495 1548 ad

112 1574 307 1614 amicitias
339 1571 585 1625 ampliandas
616 1571 679 1610 his
711 1570 881 1611 validius
914 1570 1220 1623 efficaciusque,
1252 1571 1294 1609 in
1322 1568 1494 1622 singulis

113 1633 338 1687 quibusque
369 1633 554 1685 personis
591 1631 654 1672 vel
687 1630 922 1684 expetendis
955 1630 1176 1684 aequaliter
1208 1629 1270 1670 vel
1303 1629 1493 1670 cavendis

112 1694 251 1734 iudicii
306 1692 505 1746 parilitate
562 1693 814 1732 certavimus.
895 1690 935 1732 2.
986 1695 1154 1744 propter
1205 1703 1306 1743 quae
1359 1691 1493 1730 omnia

111 1758 272 1807 praeter
304 1754 602 1806 conscientiam,
636 1765 736 1805 quae
770 1753 941 1792 interius
973 1751 1049 1791 tibi
1075 1751 1193 1804 longe
1220 1751 1493 1804 praestantior

59 1827 94 1853 15
113 1815 446 1867 eminentiorque,
484 1813 655 1853 multum
686 1812 911 1853 voluntates
945 1816 1104 1852 nostras
1137 1810 1393 1864 copulaverat
1426 1810 1494 1850 de-

113 1887 320 1915 cursarum
347 1874 572 1913 forinsecus
600 1875 801 1914 actionum
829 1872 1062 1913 similitudo.
1115 1871 1198 1925 sed,
1231 1871 1339 1924 quod
1365 1871 1493 1911 faten-

114 1935 210 1975 dum
242 1939 318 1987 est,
359 1934 428 1973 diu
460 1935 605 1974 erectis
638 1936 842 1986 utrimque
875 1934 1023 1973 amoris
1056 1932 1254 1972 machinis
1287 1933 1375 1985 ipse
1409 1930 1494 1971 cul-

114 1996 222 2034 mina
253 1996 428 2047 pretiosa
460 1996 631 2046 posuisti
670 1994 880 2034 ecclesiam
912 1994 1083 2034 Arverni
1120 1991 1391 2046 municipioli,
1430 1993 1496 2032 cui

114 2056 386 2108 praepositus,
427 2055 504 2093 etsi
536 2056 742 2107 inmerito,
783 2055 939 2108 videor,
980 2057 1254 2106 peroportuna
1293 2051 1497 2092 oblatione

61 2114 413 2167 zolocupletand03
455 2115 570 2154 cuius
609 2116 857 2166 possessioni
895 2114 1115 2167 plurimum
1149 2112 1357 2154 contulisti
1389 2111 1501 2153 Cuti-

119 2176 316 2215 ciacensis
354 2174 509 2227 praedii
549 2173 870 2227 suburbanitate,
915 2187 996 2215 non
1040 2175 1174 2214 minus
1214 2178 1377 2214 nostrae
1410 2185 1501 2226 pro-

119 2235 307 2276 fessionis
327 2235 619 2275 fraternitatem
640 2234 718 2274 loci
744 2236 998 2286 proximitate
1026 2235 1212 2288 dignatus
1233 2234 1362 2274 ditare
1384 2246 1503 2287 quam

219 2389 240 2422 8
265 2386 416 2423 hisdem
443 2386 532 2423 LN
536 2387 578 2432 T,
606 2386 729 2422 isdem
756 2386 805 2421 M
812 2386 842 2423 G
857 2388 869 2432 ΙΙ
892 2391 935 2424 16
956 2387 1168 2424 multitudo
1195 2387 1231 2423 L
1250 2388 1262 2433 ΙΙ
