1592 2612
199 125 285 169 190
674 117 821 154 LIBER,
847 113 1084 153 OCTAVUS.

411 234 555 276 perges
588 212 653 260 sic⁹
677 219 823 259 melius
854 217 1011 257 volante
1046 214 1168 269 saltu,

413 285 447 323 si
478 282 646 333 vestigia
677 280 851 319 fasceata
882 277 982 318 nudi

409 355 483 396 per
515 352 715 382 summum
748 339 864 391 digiti
896 341 1037 390 regant
1070 336 1202 376 citatis

336 411 379 444 15
411 404 517 443 firmi
548 399 799 453 ingressibus
833 403 950 451 atque
981 396 1236 437 vinculorum

410 460 744 503 concurrentibus
777 458 928 499 ansulis
961 457 1110 497 reflexa

409 523 457 564 ad
490 534 582 563 crus
614 533 687 574 per
719 531 918 560 cameram
951 522 1091 558 catena
1122 520 1272 569 surgat.

408 583 484 623 hoc
515 583 658 635 pernix
689 580 830 620 habitu
860 591 996 619 meum
1028 581 1230 617 memento

411 642 616 695 Orpheum
647 642 796 694 visere,
830 641 899 692 qui
932 638 1133 679 cotidiana

333 712 378 745 2ο
411 715 504 743 saxa
536 707 576 742 et
607 701 753 741 robora
785 711 1033 752 corneasque
1066 698 1188 738 fibras

409 763 537 803 mollit
569 761 797 814 dulciloqua
829 772 1000 800 canorus
1033 764 1140 813 arte3

408 825 577 876 Arpinas
609 822 728 862 modo
761 833 881 874 quem
912 824 1074 860 tonante
1108 819 1245 872 lingua

411 884 527 937 ditat,
558 895 666 923 nunc
700 881 817 922 stilus
849 886 917 922 aut
946 880 1207 920 Maronianus

411 949 478 984 aut
511 955 588 996 quo
621 948 666 982 tu
696 941 855 982 Latium
886 941 1001 994 beas,
1032 940 1191 994 Horati,

337 1012 381 1044 25
413 1004 555 1044 Alcaeo
588 1003 731 1043 melior
762 1002 922 1055 lyristes
955 1003 1063 1055 ipsc,

408 1069 448 1104 et
479 1076 585 1104 nunc
616 1063 729 1103 inflat
761 1075 857 1115 epos
889 1061 1210 1115 tragoediarum,

407 1137 515 1164 nunc
548 1123 753 1163 comoedia
783 1127 981 1175 temperat
1013 1124 1167 1175 iocosa,

408 1197 514 1224 nunc
546 1183 749 1223 flammant
781 1184 925 1223 satirae
958 1188 998 1222 et
1028 1182 1329 1235 tyrannicarum

410 1244 644 1284 declamatio
677 1244 1056 1283 controversiarum.

334 1312 380 1345 30
412 1304 495 1345 dic:
534 1301 739 1344 ‘Phoebus
770 1305 880 1343 venit
911 1308 1029 1356 atque
1061 1305 1155 1355 post
1183 1301 1376 1342 veraedos

408 1366 530 1404 remis
561 1363 773 1404 velivolum
806 1365 933 1417 quatit
965 1363 1215 1416 Garunnam3

412 1437 598 1465 occurras
630 1424 758 1478 iubet,
790 1429 881 1464 ante
914 1424 985 1464 sed
1016 1427 1155 1477 parato

410 1489 586 1525 actutum
617 1482 819 1537 hospitio?
881 1484 1148 1538 Leontioque,

412 1547 545 1597 prisco
577 1544 688 1584 Livia
720 1557 840 1597 quem
873 1545 940 1585 dat
971 1558 993 1585 e
1026 1548 1186 1598 senatu,
1393 1590 1401 1597 ‚

334 1613 379 1645 35
412 1605 492 1645 dic:
532 1602 633 1644 ‘iam
664 1617 771 1645 nunc
803 1603 959 1645 aderit.³
1018 1606 1114 1645 satis
1146 1604 1321 1644 facetum
1352 1607 1393 1643 et

412 1665 496 1704 solo
528 1666 689 1705 nomine
721 1664 932 1706 Rusticum
963 1665 1107 1705 videto.

413 1725 482 1765 sed
516 1727 549 1764 si
580 1729 684 1765 tecta
716 1730 863 1777 negant
892 1731 938 1765 ut
970 1729 1179 1778 occupata,

411 1797 532 1837 perge
565 1785 613 1824 ad
645 1784 783 1824 limina
814 1798 907 1825 mox
939 1787 1241 1838 episcoporum,

413 1846 540 1884 sancti
572 1849 611 1884 et
643 1844 827 1884 Gallicini
858 1858 980 1886 manu
1012 1845 1189 1886 osculata

335 1913 380 1945 4ο
412 1906 507 1944 tecti
539 1917 658 1956 posce
691 1904 825 1944 brevis
858 1907 1123 1960 vacationem,

413 1977 481 2018 ne,
514 1965 548 2004 si
579 1964 775 2004 destituor
807 1965 923 2005 domo
956 1970 1115 2020 negata,

414 2036 596 2064 maerens
630 2024 678 2063 ad
709 2025 888 2065 madidas
920 2038 1007 2065 eam
1038 2026 1226 2066 tabernas

414 2089 454 2124 et
485 2083 673 2123 claudens
706 2086 883 2136 geminas
917 2085 1085 2126 subinde
1117 2097 1236 2126 nares

371 2188 374 2192 ¹
413 2148 578 2196 propter
611 2143 805 2184 fumificas
838 2158 993 2197 gemam
1025 2145 1196 2200 culinas,

292 2260 327 2284 v.
349 2251 392 2283 12
418 2246 545 2293 pergis
572 2248 607 2282 L
637 2250 649 2294 ῃ
682 2260 714 2283 v.
736 2251 780 2283 19
807 2247 1000 2285 cotidiano
1026 2249 1265 2296 Luetj0hann
1283 2249 1296 2294 ΙΙ
1320 2260 1355 2284 v.
1376 2250 1421 2283 22
1447 2257 1563 2292 quem

197 2297 276 2334 LT
297 2301 332 2333 et
358 2298 466 2342 (corr.
491 2300 534 2332 ut
558 2308 589 2332 υ.
617 2307 662 2332 em
686 2307 801 2341 quam
826 2296 967 2341 N1)N,
998 2309 1112 2343 quam
1139 2300 1248 2342 (corr.
1275 2307 1321 2333 εσυ
1351 2305 1465 2341 quem
1497 2293 1562 2338 V1)

205 2344 329 2381 VMC
344 2346 356 2391 ΙΙ
376 2356 435 2380 vv.
456 2346 502 2379 24
529 2346 567 2379 et
592 2346 638 2379 25
664 2355 731 2381 om.
751 2344 787 2379 L
805 2346 818 2390 n
836 2356 869 2380 v.
891 2348 937 2380 24
963 2345 1081 2380 beans
1107 2347 1184 2382 Leo
1201 2346 1214 2391 ΙΙ
1234 2358 1267 2382 v.
1289 2347 1335 2380 25
1359 2342 1497 2389 lyr-ista
1523 2352 1563 2377 es

199 2393 276 2431 Leo
294 2394 308 2439 ΙΙ
325 2403 361 2430 v.
382 2395 428 2428 26
453 2391 653 2437 tragoedia
679 2394 804 2428 atrum
836 2393 1082 2430 Wlamowitz
1102 2396 1119 2440 ss‘
