1592 2612
159 133 217 176 92
635 127 783 164 LIBER
808 125 1048 170 QUARTUS.

161 237 342 274 remanet
376 237 480 272 totus
512 236 700 283 totusque
733 228 985 269 transfertur.
1050 226 1157 266 unde
1189 226 1270 266 iam
1301 237 1422 278 parce
1455 229 1536 266 tre-

160 294 298 348 pidare
326 293 455 345 deque
481 291 661 331 moribus
688 290 807 329 amici
832 287 1061 342 plusculum
1085 291 1196 327 recto
1218 298 1336 327 secus
1356 285 1535 327 credere.

162 366 332 406 namque
366 355 407 392 in
438 352 513 391 hoc
546 352 650 391 facto
682 362 756 390 1105
788 350 916 402 magis
949 347 1094 388 vulnus
1128 346 1273 400 polluit
1304 345 1464 402 culpae,
1505 347 1540 387 si

165 415 281 454 feriat
313 415 415 453 ictus
448 412 632 452 invidiae.
684 410 781 451 vale.

779 563 920 606 XVII.

128 657 144 684 5
391 648 617 685 SIDONIUS
643 646 921 684 ARBOGASTI
949 645 1043 682 SUO
1070 644 1314 683 SALUTEM.

256 725 292 767 1.
318 726 570 766 Eminentius
597 726 750 765 amicus
776 729 883 778 tuus,
915 723 1076 763 domine
1103 724 1243 777 maior,
1270 721 1416 763 obtulit
1441 721 1542 762 mihi

163 800 260 840 quas
304 789 390 839 ipse
436 787 595 826 dictasti
639 785 795 825 litteras
836 784 1034 824 litteratas
1075 789 1114 824 et
1152 784 1304 837 gratiae
1343 782 1542 824 trifariam

162 847 384 888 renidentis
417 846 526 887 cultu
558 846 739 886 refertas.
792 858 963 898 quarum
995 846 1136 897 utique
1167 846 1363 885 virtutum
1395 843 1543 884 caritas

162 909 291 960 prima
324 913 396 961 est,
430 919 529 960 quae
562 912 600 947 te
635 907 765 959 coegit
797 907 839 946 in
871 905 989 945 nobis
1022 905 1085 945 vel
1115 906 1345 958 peregrinis
1373 903 1437 945 vel
1462 905 1543 944 iam

110 985 144 1011 10
163 968 286 1008 latere
319 967 574 1020 cupientibus
606 967 773 1007 humilia
806 967 981 1021 dignari3
1014 971 1100 1006 tum
1132 965 1393 1019 verecundia,
1426 965 1543 1005 cuius

164 1030 358 1069 instinctu
389 1028 484 1067 dum
516 1029 703 1067 inmerito
730 1027 922 1081 trepidas,
954 1028 1099 1067 merito
1126 1026 1393 1080 praedicaris3
1424 1025 1545 1065 tertia

164 1088 383 1142 urbanitas,
416 1101 492 1141 qua
524 1093 563 1128 te
596 1089 768 1141 ineptire
802 1088 1046 1128 facetissime
1080 1086 1228 1140 allegas
1257 1092 1298 1127 et
1323 1084 1546 1134 Quirinalis

165 1148 352 1201 impletus
395 1149 502 1188 fonte
542 1149 750 1188 facundiae
788 1153 907 1201 potor
944 1147 1131 1188 Mosellae
1171 1147 1353 1187 Tiberim
1395 1150 1545 1199 ructas,

167 1210 224 1248 sic
262 1208 523 1249 harbarorum
562 1209 787 1263 familiaris,
827 1208 935 1261 quod
972 1213 1108 1248 tamen
1145 1209 1309 1248 nescius
1341 1206 1544 1247 barbaris-

113 1284 147 1311 15
165 1281 335 1323 morum,
366 1282 438 1322 par
464 1269 632 1309 ducibus
660 1270 835 1322 antiquis
861 1269 999 1321 lingua
1024 1281 1240 1322 manuque,
1273 1267 1344 1308 sed
1372 1278 1546 1320 quorum

167 1329 329 1369 dextera
368 1329 520 1369 solebat
550 1342 630 1369 non
663 1330 798 1369 stilum
831 1331 964 1369 minus
996 1334 1169 1369 tractare
1203 1341 1324 1381 quam
1355 1327 1544 1381 gladium.

167 1387 205 1429 2.
240 1391 426 1441 quocirca
454 1391 651 1430 sermonis
678 1402 824 1443 pompa
850 1389 1032 1443 Romani,
1066 1391 1100 1430 si
1127 1402 1205 1443 qua
1231 1389 1361 1430 adhuc
1387 1389 1547 1441 uspiam

168 1454 240 1503 est,
265 1449 436 1502 Belgicis
464 1450 557 1490 olim
586 1452 667 1490 sive
694 1451 898 1490 Rhenanis
925 1450 1072 1491 abolita
1097 1451 1219 1490 terris
1246 1451 1289 1490 in
1314 1454 1354 1490 te
1381 1448 1548 1502 resedit,

168 1522 246 1562 quo
279 1509 341 1549 vel
372 1510 563 1550 incolumi
595 1510 657 1550 vel
688 1516 920 1564 perorante,
954 1512 1031 1551 etsi
1064 1510 1169 1564 apud
1202 1510 1372 1551 limitem
1403 1508 1547 1550 Latina

114 1586 148 1612 20
168 1571 255 1610 iura
287 1570 530 1625 ceciderunt,
561 1571 680 1611 verba
713 1584 794 1611 non
825 1571 1010 1612 titubant.
1069 1575 1316 1624 quapropter
1347 1570 1547 1611 alternum

170 1630 274 1670 salve
306 1631 531 1683 rependens
558 1632 762 1684 granditer
789 1632 916 1672 laetor
949 1631 1081 1672 saltim
1113 1634 1155 1672 in
1187 1631 1351 1672 inlustri
1382 1635 1547 1684 pectore

168 1695 236 1730 1110
275 1693 574 1731 vanescentium
612 1692 837 1733 litterarum
875 1694 1119 1732 remansisse
1151 1693 1339 1746 vestigia,
1378 1703 1479 1744 quae
1513 1691 1548 1730 si

170 1750 370 1803 frequenti
409 1751 579 1792 lectione
619 1754 851 1807 continuas,
890 1754 1100 1805 experiere
1139 1765 1213 1806 per
1251 1752 1357 1806 dies,
1397 1754 1547 1804 quanto

170 1811 412 1851 antecellunt
451 1811 582 1852 beluis
620 1812 822 1867 homines,
861 1818 971 1852 tanto
1011 1814 1204 1853 anteferri
1235 1813 1400 1852 rusticis
1432 1812 1548 1851 insti-

117 1886 151 1912 25
171 1875 288 1911 tutos.
341 1869 379 1911 3.
413 1871 461 1911 de
494 1874 651 1925 paginis
685 1885 778 1913 sane
813 1873 919 1926 quod
953 1873 1202 1926 spiritalibus
1234 1874 1294 1913 vis
1326 1877 1373 1912 ut
1397 1871 1549 1925 aliquid

170 1932 371 1983 interpres
415 1931 622 1984 improbus
669 1935 859 1988 garriam,
903 1935 1050 1974 iustius
1094 1934 1192 1974 haec
1233 1932 1491 1987 postulantur
1528 1944 1550 1972 a

172 1991 445 2031 sacerdotibus
479 1992 565 2031 1000
598 1994 836 2045 propinquis
870 1999 997 2033 aetate
1031 1994 1286 2048 grandaevis,
1318 1993 1396 2034 fide
1430 1991 1549 2033 claris

173 2063 292 2102 opere
325 2051 507 2106 vulgatis,
540 2064 608 2092 ore
641 2055 838 2106 promptis
871 2056 1065 2094 memoria
1091 2054 1313 2109 tenacibuS,
1346 2054 1456 2094 omni
1481 2052 1549 2093 de-

272 2171 289 2201 1
317 2168 421 2203 totus
441 2168 622 2213 totusque
644 2168 739 2214 LN,
763 2170 827 2205 sed
850 2170 910 2205 hie
935 2171 999 2207 alt.
1026 2171 1131 2206 totus
1152 2182 1233 2217 exp.
1255 2175 1289 2207 et
1314 2180 1388 2216 que
1413 2170 1457 2206 in
1481 2167 1550 2214 qui

173 2225 279 2258 corr„
303 2217 406 2250 totus
435 2215 500 2260 qui
527 2218 611 2261 (om.
639 2218 703 2253 alt.
730 2219 849 2260 totns)
877 2218 927 2253 M
933 2218 1002 2254 GT
1023 2219 1036 2264 ΙΙ
1062 2222 1083 2254 5
1109 2220 1221 2256 inser.
1248 2231 1316 2256 om.
1344 2218 1380 2254 L
1402 2220 1408 2263 Ι
1431 2216 1550 2252 Arbo-

173 2263 276 2307 gasti
302 2263 516 2309 Mommsen,
553 2265 747 2310 arvogasti
775 2266 877 2309 MT,
917 2268 1121 2313 arvagasto
1162 2268 1242 2313 (alt.
1277 2278 1300 2302 a.
1331 2277 1424 2303 corr.
1457 2266 1500 2302 in
1527 2275 1550 2300 0

176 2309 280 2363 QUO
295 2313 306 2357 ΙΙ
328 2315 370 2346 16
397 2312 532 2347 dextra
556 2313 645 2348 MC
665 2315 677 2358 ΙΙ
706 2316 748 2348 18
776 2313 872 2360 sive]
901 2325 966 2349 seu
996 2315 1026 2350 G
1046 2317 1058 2361 ΙΙ
1087 2319 1130 2350 19
1151 2320 1239 2362 post
1263 2314 1428 2350 limitem
1460 2313 1548 2350 add.

172 2369 298 2403 ipsum
326 2359 357 2395 G
377 2363 410 2394 et
433 2371 460 2395 8.
488 2360 510 2396 l.
540 2361 613 2406 M¹‚
642 2372 728 2396 eum
758 2361 799 2406 T,
830 2373 898 2398 om.
919 2361 1008 2398 LN
1033 2365 1045 2410 ss
1077 2367 1122 2399 22
1150 2375 1225 2409 qua
1253 2364 1307 2408 0¹,
1341 2373 1436 2408 quas
1465 2362 1509 2399 (1⁷²
1534 2362 1548 2407 ΙΙ

174 2410 221 2441 24
248 2406 479 2442 antecedunt
508 2407 629 2454 01126
654 2409 952 2455 postulabuntur
978 2411 1043 2456 (bu
1068 2422 1095 2447 s.
1124 2412 1146 2448 l.
1174 2412 1260 2449 add.
1289 2410 1454 2457 M1JM11
