1592 2612
119 135 192 173 XII
663 132 954 170 PRAEFATIO.

123 249 243 277 earm.
263 236 310 291 ΙΙ,
339 234 425 276 164
458 248 539 276 non
559 238 699 287 pudet,
731 240 777 275 ut
801 240 979 275 vestram
1006 239 1251 285 praesumat
1276 235 1395 274 belua
1421 235 1496 275 lin-

121 299 276 348 quam?
311 298 369 336 sie
403 295 580 336 scribere
613 295 774 335 vellem:
808 307 942 335 nonne
969 296 1109 345 pudet,
1141 299 1188 334 ut
1212 295 1380 335 concilii
1404 298 1499 334 tem-

119 370 257 409 pore.
286 389 294 397 .
323 361 535 409 .premat,
574 357 653 395 iam
692 355 905 395 lectionem
944 356 986 394 in
1018 350 1211 394 N1M1TC
1251 355 1338 394 sine
1377 353 1500 394 dubio

123 430 172 457 ex
211 417 335 457 altero
375 416 588 469 archetypo
628 420 850 456 correctam
890 410 957 471 (cf.
986 427 1046 467 ep.
1074 414 1107 464 l,
1135 414 1181 468 4,
1207 413 1234 455 2
1269 414 1406 465 ferias
1438 416 1499 455 in-

124 472 440 532 honoratorum)
486 476 791 529 praeferendam
835 471 989 529 putavi,
1034 479 1191 514 servato
1229 479 1364 514 tamen
1405 486 1499 514 eon-

121 539 298 578 iunotivo
322 542 486 588 premat
512 532 580 592 (cf.
603 549 663 588 ep.
684 536 745 589 VI,
767 536 806 590 1,
827 534 872 589 53
905 535 970 589 IX,
993 535 1062 589 11,
1083 531 1150 590 9);
1181 536 1366 584 nobilem,
1393 534 1500 587 quod

122 599 163 637 in
195 598 264 637 TC
297 602 389 650 post
420 603 594 637 stantem
626 596 791 650 legitur,
822 601 867 636 ut
899 608 979 635 non
1011 596 1284 635 necessarium
1317 596 1501 647 recipere

121 658 245 698 nolui.
274 681 329 685 ——
363 657 391 711 Ι,
420 656 458 710 7,
485 655 511 697 3
546 657 645 696 mihi
676 658 859 709 persuasi
888 658 1204 706 qubei’nationis
1235 660 1371 695 tamen
1402 655 1502 694 ferri

122 731 241 771 posse
276 723 315 757 et
348 720 635 767 damnationis,
669 717 776 769 quod
809 718 850 756 in
884 715 968 756 solo
1001 715 1033 754 T
1065 720 1139 768 est,
1171 728 1244 768 pro
1271 716 1502 755 coniectura

121 783 167 818 ut
200 791 273 831 per
306 791 348 818 se
382 779 589 830 aptissima
622 779 677 817 ita
705 789 786 816 non
813 778 1040 816 necessaria
1066 775 1296 815 habendum
1321 788 1422 815 esse.
1444 798 1501 802 —

122 838 179 878 lb.
214 840 445 878 coniectura
477 840 629 878 mirari
659 837 771 877 locus
803 837 981 877 nondum
1015 840 1177 876 sanatus
1210 848 1299 875 esse
1324 835 1504 889 videtur3

122 901 210 951 ipse
246 898 459 952 quondam,
499 898 569 938 sed
604 898 643 937 id
678 910 836 950 quoque
870 896 1118 950 dubitanter,
1157 898 1381 936 criminari
1409 907 1502 948 pro-

123 971 349 1012 posueram.
383 982 439 986 —
473 957 528 997 lb.
556 956 585 998 4
622 958 964 1011 semifumantem,
1004 957 1052 996 de
1092 969 1170 1008 quo
1203 955 1506 1009 Luetjohannus

126 1018 346 1072 addubitat,
379 1018 608 1058 defenditur
634 1018 807 1058 Ennodii
833 1017 921 1057 loeo
948 1030 984 1070 p.
1007 1015 1108 1070 332,
1132 1015 1186 1057 12
1207 1011 1295 1072 (H)
1329 1021 1503 1067 tropaea

125 1082 234 1120 illius
278 1081 417 1120 adhuc
455 1079 687 1129 fumantia;
732 1078 780 1118 ef.
820 1079 941 1117 etiam
978 1076 1116 1117 Aloim.
1148 1076 1248 1116 Avit.
1281 1089 1320 1129 p.
1348 1075 1417 1130 57,
1446 1074 1500 1116 17

120 1140 264 1191 famae
304 1139 444 1190 sumus
490 1143 530 1178 et
570 1139 674 1178 infra
714 1151 773 1191 ep.
801 1138 835 1192 I,
864 1136 931 1191 11,
960 1138 986 1177 2
1029 1140 1226 1178 sinistrae
1269 1148 1414 1177 rumor
1452 1148 1507 1177 ac

121 1200 261 1251 fumus
294 1202 507 1251 opinionis.
535 1222 592 1227 —-
624 1199 679 1239 Ib.
708 1198 734 1240 6
762 1200 1065 1250 perimachiam
1098 1202 1258 1250 apertae
1286 1195 1506 1249 interpola-

125 1261 249 1300 tionis
282 1259 430 1299 indicia
468 1272 564 1312 prae
604 1272 646 1299 se
686 1259 791 1299 ferre
831 1259 1007 1298 confisus
1040 1257 1306 1310 Luetjohanni
1346 1258 1505 1297 coniec-

126 1325 259 1360 turam
289 1322 527 1371 perniciter
559 1321 712 1373 recepi,
753 1331 993 1372 quamquam
1032 1319 1152 1358 etiam
1191 1318 1410 1370 genetivus
1433 1316 1504 1357 ali-

125 1382 240 1421 cuius
274 1379 530 1433 substantivi,
567 1386 611 1420 ut
640 1382 848 1430 perniciei
877 1379 939 1418 vel
966 1380 1213 1430 perditionis
1245 1377 1502 1417 intercidisse

123 1445 268 1494 potest.
302 1464 359 1468 —
392 1440 447 1480 Ib.
480 1442 522 1479 in
562 1442 673 1480 exitu
710 1439 950 1492 paragraphi
982 1437 1230 1479 difficultatis
1269 1437 1387 1490 pleno
1419 1439 1506 1490 pri-

124 1513 234 1541 mum
267 1500 387 1540 verba
420 1503 550 1551 ipsam
583 1503 693 1540 illam
720 1502 1082 1540 dissimulationem
1108 1511 1189 1538 non
1215 1498 1263 1538 ad
1291 1509 1406 1538 reum
1432 1497 1502 1537 sed

125 1562 174 1602 ad
207 1561 458 1600 adversarios
491 1561 702 1600 referenda
729 1573 818 1600 esse
845 1559 978 1612 eredO,
1010 1563 1055 1599 ut
1079 1559 1178 1598 haee
1205 1559 1258 1597 sit
1284 1559 1505 1598 sententia:

125 1624 254 1675 ipsam
275 1620 396 1660 illam.
411 1621 785 1674 dissimulationem,
813 1633 889 1673 qua
913 1620 1133 1659 adversarii
1159 1619 1342 1658 conaturi
1368 1621 1508 1658 essent

125 1694 195 1722 reo
222 1681 484 1734 persuadere,
516 1686 557 1721 ut
585 1683 672 1721 sine
700 1680 948 1720 dubitatione
976 1679 1024 1719 ad
1045 1680 1383 1730 interrogationes
1410 1689 1505 1717 suas

126 1747 170 1783 ut
195 1742 419 1781 levissimas
447 1741 848 1794 simplicissimasque
876 1739 1152 1792 responderet,
1184 1738 1295 1778 valde
1323 1737 1504 1778 fallacem

126 1803 210 1842 fore
243 1801 307 1841 vel
339 1803 575 1856 captiosam3
614 1802 655 1841 id
688 1803 794 1841 enim
828 1813 897 1840 eos
929 1804 1108 1852 acturos,
1146 1804 1190 1839 ut
1223 1810 1378 1838 summa
1411 1810 1504 1838 cum

127 1863 343 1903 securitate
390 1867 430 1902 et
475 1863 561 1902 sine
607 1861 788 1915 periculo
832 1874 874 1900 se
916 1861 1101 1900 confiteri
1144 1871 1263 1912 posse
1309 1858 1506 1899 erederet.

128 1923 206 1963 Sed
241 1922 337 1975 quid
369 1923 411 1961 in
444 1922 517 1962 hac
551 1924 750 1962 sententia
790 1921 868 1961 sibi
905 1920 1033 1960 valeat
1067 1921 1352 1970 persuasionis
1388 1931 1505 1959 secu-

127 1986 251 2033 ritas,
297 1984 457 2036 ignor03
502 1983 608 2035 quod
649 1984 684 2022 si
721 1984 1010 2035 inverteretur,
1054 1985 1099 2020 ut
1137 1985 1245 2020 esset
1286 1981 1505 2030 persuasio

125 2045 382 2092 securitatis,
426 2055 520 2083 sane
559 2042 738 2095 intellegi
776 2046 944 2095 poterat.
1013 2040 1134 2093 Atqui
1172 2052 1221 2080 ex
1260 2041 1506 2092 optimorum

127 2103 312 2143 codicum
347 2104 547 2155 scriptura
585 2115 777 2156 apparere
817 2102 976 2142 videtur
1008 2102 1050 2140 in
1090 2101 1293 2140 communi
1325 2100 1505 2139 omnium

127 2163 325 2203 librorum
357 2163 572 2216 archetypo
605 2163 706 2203 nihil
738 2163 862 2203 fuisse
895 2163 975 2202 nisi
1001 2174 1080 2202 exc
1202 2162 1400 2200 sciscitan

127 2226 254 2264 sionis
299 2227 575 2264 securitatem.
652 2223 765 2271 Quod
811 2235 903 2263 cum
947 2224 1001 2275 is,
1047 2222 1116 2274 qui
1161 2220 1345 2260 codicum
1389 2218 1504 2259 MTC

127 2364 200 2400 LN
226 2365 377 2408 inervis,
402 2375 499 2408 quae
524 2363 687 2399 fortasse
715 2374 799 2398 cum
828 2362 893 2398 illo
919 2363 1075 2399 inarmis
1102 2359 1265 2398 conferri
1290 2360 1430 2406 potest,
1458 2357 1509 2394 de

129 2424 204 2459 quo
233 2425 268 2449 v.
289 2410 495 2448 Woelfflin.
517 2411 628 2447 Areh.
650 2412 713 2458 ΠΙ,
735 2415 814 2447 148.
836 2414 918 2447 336.
