1592 2612
186 132 238 169 VI
728 128 1018 166 PRAEFATIO.

185 245 233 273 ex
266 234 494 272 coniectura
521 231 679 271 videtur
706 231 961 285 emendasse3
995 230 1065 271 sed
1091 235 1225 271 tamen
1252 232 1339 272 eius
1365 231 1560 272 lectiones

185 295 370 333 omittere
396 292 526 346 nolui,
553 293 645 344 quia
671 304 864 344 persaepe
898 296 1036 331 contra
1068 290 1247 344 reliquos
1280 304 1371 332 cum
1396 291 1428 331 L
1453 292 1559 333 facit.

182 353 221 392 M
253 358 386 393 autem
424 357 469 392 ut
506 365 663 406 verum,
701 351 771 392 ubi
802 351 873 391 LT
906 356 1059 405 extant,
1098 351 1208 391 solus
1247 352 1349 392 nihil
1388 354 1560 393 servavit

182 415 236 453 ita
278 415 320 453 in
359 414 417 453 eis
456 412 719 465 epistularum
757 412 956 466 partibus,
1006 411 1075 452 ubi
1107 411 1166 451 illi
1197 411 1360 467 desunt,
1391 413 1558 453 minime

180 473 451 526 neglegendus
485 478 556 512 est.

272 533 380 581 Quae
413 545 504 573 cum
531 534 586 572 ita
613 534 710 587 sint,
743 534 923 585 quamvis
950 532 1120 572 multum
1146 531 1349 572 Laudiano
1375 531 1558 573 tribuen-

181 594 275 634 dum
309 595 378 647 sit,
412 595 527 633 cuius
560 594 620 632 rei
652 595 693 632 in
726 592 850 633 altera
876 598 989 645 parte
1015 592 1276 645 praefationis
1304 595 1400 633 satis
1433 593 1558 634 multa

180 654 418 694 documenta
456 654 640 707 afferam,
684 665 765 693 non
809 658 942 693 tamen
988 665 1033 692 ea
1078 658 1140 692 est
1176 653 1297 693 huius
1336 652 1431 694 libri
1463 666 1557 694 con-

181 714 308 767 dicio,
350 719 394 754 ut
436 726 595 766 semper
639 725 731 754 eum
777 714 892 765 sequi
935 713 1063 753 liceat.
1137 712 1237 752 Nam
1274 718 1558 766 praeterquam

180 774 285 827 quod
318 773 442 814 multa
475 786 566 814 eum
599 775 784 813 omisisse
817 773 1009 826 vidimus,
1049 785 1149 825 quae
1182 774 1225 812 in
1257 778 1370 826 parte
1403 778 1557 814 cetero-

179 848 270 874 rum
302 847 350 874 ex
383 834 459 874 alio
493 834 706 887 archetypo
741 833 923 886 suppleta
951 838 1062 886 sunt,
1093 835 1180 886 ipse
1209 845 1368 886 quoque
1395 846 1476 874 non
1502 836 1558 874 ita

178 907 305 947 pauca
348 894 468 934 habet
512 894 666 934 librarii
711 906 848 933 errore
894 895 976 933 sive
1018 895 1175 934 incuria
1218 899 1381 946 peccata
1424 907 1556 947 neque

178 967 345 1007 prorsus
391 956 448 994 eis
494 954 733 1007 corruptelis
778 959 906 1008 vacat,
951 966 1052 1006 quae
1098 954 1297 1006 quandam
1337 954 1554 1007 interpola-

177 1017 299 1055 tionis
347 1016 619 1067 suspicionem
663 1027 822 1054 movere
867 1015 1035 1067 possint.
1099 1014 1154 1054 Cf.
1194 1027 1254 1066 ep.
1281 1013 1310 1067 Ι,
1341 1015 1378 1068 1,
1412 1011 1435 1054 1
1483 1028 1555 1056 eas

178 1088 340 1123 omnes,·
370 1075 399 1128 Ι,
420 1074 459 1128 8,
480 1074 507 1115 2
534 1080 695 1116 ventres
722 1077 862 1124 fluant
887 1071 1059 1129 (CTMl
1084 1078 1192 1114 recte
1220 1079 1359 1115 turres
1375 1077 1555 1125 flauni);

176 1135 237 1189 VI,
268 1136 303 1190 1,
330 1133 356 1175 3
396 1138 640 1176 triariorum
672 1147 745 1187 pro
778 1136 1066 1175 trahariorum
1104 1136 1357 1187 maximeque
1388 1134 1418 1188 I,
1446 1133 1485 1188 9,
1513 1133 1552 1190 3,

176 1195 264 1249 ubi,
303 1195 407 1248 quod
446 1208 519 1248 pro
556 1208 653 1236 sera
691 1196 734 1234 in
771 1194 802 1234 L
840 1194 987 1246 legitur
1025 1197 1155 1244 seria,
1204 1194 1458 1235 antecedenti
1495 1195 1556 1236 illi

178 1258 362 1297 iucunda
389 1255 570 1295 consulto
592 1256 820 1308 oppositum
840 1254 1008 1295 videtur.
1043 1254 1160 1295 Certe
1181 1254 1392 1295 librarium
1415 1254 1555 1295 Latine

176 1316 500 1356 indoctissimum
526 1316 670 1369 fuisse,
702 1315 743 1355 id
770 1315 877 1368 quod
902 1314 983 1354 Leo
1009 1315 1112 1368 vult,
1145 1315 1333 1367 equidem
1358 1327 1439 1355 non
1466 1327 1553 1356 cre-

178 1376 367 1429 diderim,
405 1375 500 1416 licet
539 1375 754 1415 concedam
787 1375 999 1415 nonnullas
1031 1375 1263 1415 huiusmodi
1304 1375 1554 1428 corruptelas

177 1437 225 1476 ad
270 1437 419 1476 variam
460 1436 673 1476 lectionem
718 1437 759 1475 in
804 1437 1008 1475 communi
1052 1435 1267 1488 archetypo
1312 1435 1556 1489 adscriptam

177 1497 321 1536 referri
352 1509 470 1549 posse
505 1492 573 1551 (cf.
595 1509 655 1548 ep.
678 1495 754 1550 VII,
777 1493 844 1550 14,
864 1494 903 1549 3,
929 1496 999 1536 uhi
1031 1495 1178 1548 duplex
1212 1496 1412 1548 scriptura
1437 1501 1553 1537 artu-

179 1559 285 1597 tibus
323 1558 366 1596 in
404 1556 434 1595 L
468 1561 623 1596 servata
655 1561 733 1610 est,
777 1558 819 1595 in
858 1555 927 1595 TF
960 1558 1135 1596 artubus
1165 1556 1330 1610 legitur,
1367 1557 1410 1596 in
1441 1555 1555 1597 MCP

178 1618 369 1665 artibus).
422 1617 518 1656 Utut
551 1621 629 1670 est,
661 1629 711 1656 ne
739 1616 943 1656 Laudiano
971 1616 1135 1668 quidem
1162 1618 1221 1656 sic
1249 1621 1401 1656 temere
1434 1616 1555 1656 fidem

177 1676 400 1716 habendam
433 1682 543 1717 ratus
572 1672 640 1732 (cf.
662 1689 723 1729 ep.
749 1676 846 1730 VIII,
866 1675 906 1729 4,
927 1675 967 1729 4,
992 1676 1079 1729 ubi,
1113 1676 1218 1728 quod
1251 1675 1554 1728 Luetjohannus

176 1749 257 1777 uno
283 1736 313 1775 L
340 1738 457 1777 nixus
479 1739 717 1788 principale
749 1743 787 1777 te
814 1738 989 1790 scripsit,
1022 1735 1144 1776 simili
1176 1736 1263 1776 loco
1297 1748 1357 1788 ep.
1378 1735 1443 1789 ΙΙΙ,
1465 1735 1505 1791 3,
1527 1735 1552 1777 3

176 1798 344 1837 refutari
376 1792 617 1852 videbatur),
643 1809 735 1837 cum
761 1809 807 1836 ex
836 1798 907 1850 eis,
940 1809 1040 1848 quae
1068 1795 1383 1849 Gustafssonius,
1408 1795 1554 1850 Engel-

176 1857 383 1897 brechtius
422 1853 654 1913 (‘Beitrage
686 1869 758 1896 zur
790 1856 888 1896 Krit.
921 1869 958 1895 u.
991 1856 1146 1896 Erklar.
1178 1856 1213 1896 d.
1248 1856 1379 1896 Briefe
1413 1856 1449 1897 d.
1482 1858 1553 1910 Ap.

178 1913 322 1973 Sid.'),
361 1917 631 1958 Chatelainius
675 1912 810 1973 (‘Rev.
845 1913 948 1956 crit.⁹
982 1929 1019 1956 n.
1049 1915 1104 1958 16
1132 1929 1169 1969 p.
1198 1912 1456 1973 308—311)
1503 1917 1553 1958 de

177 1978 361 2018 codicum
394 1978 703 2017 Sidonianorum
734 1978 889 2016 ratione
922 1981 1213 2031 exposuerunt,
1251 1976 1554 2032 intellexissem,

178 2045 423 2090 quantopere
455 2039 672 2078 interesset
711 2037 757 2077 ad
790 2049 932 2076 novam
971 2039 1250 2077 recensionem
1292 2036 1389 2077 alios
1428 2037 1553 2078 libros

178 2097 237 2137 illi
283 2110 401 2150 quam
445 2097 672 2137 simillimos
723 2099 1002 2150 imprimisque
1054 2098 1234 2137 codicem
1278 2095 1571 2138 Parisinum'

180 2155 327 2198 18584
354 2171 384 2198 s.
410 2157 445 2197 X
471 2157 678 2211 adhihere,
711 2170 829 2209 quem
857 2156 1156 2210 Luetjohannus
1183 2159 1270 2210 ipse
1301 2162 1430 2198 totum
1458 2170 1552 2198 con-

178 2215 287 2271 lulit,
326 2218 398 2257 hac
437 2217 647 2258 collatione
686 2217 863 2257 Berolini
903 2222 1057 2257 servata
1095 2223 1139 2258 ut
1175 2217 1276 2257 mihi
1306 2219 1368 2257 uti
1399 2217 1552 2272 liceret,

178 2280 394 2330 impetrare
433 2284 598 2318 conatus
637 2290 744 2331 sum3
785 2277 889 2330 quod
930 2279 1063 2330 ipsum
1102 2279 1180 2318 etsi
1220 2277 1320 2317 mihi
1363 2283 1551 2331 negatum

179 2343 257 2391 est,
299 2338 339 2377 id
379 2338 541 2390 quidem
580 2337 774 2390 singulari
812 2337 855 2377 E.
888 2337 1133 2378 Duemmleri
1165 2337 1402 2378 liberalitate
1442 2351 1551 2379 asse-

178 2402 295 2438 cutus
330 2410 436 2451 sum,
481 2403 525 2438 ut
567 2398 753 2438 omnibus
790 2397 888 2437 locis
921 2398 1172 2450 gravioribus
1205 2397 1398 2438 lectiones
1430 2398 1551 2439 huius
