1592 2612
334 129 566 167 smONIUS
592 129 839 167 HESPERIO
866 128 960 167 SUO
987 128 1232 167 SALUTEM.
1419 127 1480 173 45

89 232 368 274 misericordis
394 233 545 286 quique
570 245 646 286 per
669 231 840 272 uberem
864 232 1185 272 munificentiam
1210 233 1255 272 in
1278 244 1481 286 pauperes

90 292 462 347 humanitatemque
507 305 589 334 non
626 294 785 334 minora
821 291 951 333 bonae
989 294 1265 334 conscientiae
1304 292 1483 333 culmina

90 354 208 396 levet.
258 352 298 395 3.
330 354 453 395 huius
492 355 617 407 igitur
655 353 767 394 aedis
805 355 968 394 extimis
1001 358 1144 407 rogatu
1174 354 1347 407 praefati
1378 355 1481 394 anti-

91 417 201 456 stitis
238 414 549 456 tumultuarium
581 427 745 455 carmen
782 415 977 468 inscripsi
1014 414 1217 455 trochaeis
1248 414 1481 467 triplicibus

91 475 222 517 adhuc
253 476 355 517 mihi
386 477 547 529 iamque
579 475 656 516 tibi
680 475 1036 529 perfamiliaribus.
1080 487 1256 528 namque
1282 474 1332 515 ab
1358 474 1480 516 hexa-
1519 485 1537 512 5

91 538 235 578 metris
267 538 534 578 eminentium
566 541 778 590 poetarum
804 535 1031 577 Constantii
1063 541 1104 576 et
1130 535 1353 576 Secundini
1384 537 1481 576 vici-

94 599 232 638 nantia
264 597 382 638 altari
411 597 602 638 basilicae
634 596 760 638 latera
792 596 1035 651 clarescunt,
1068 609 1171 650 quos
1203 597 1247 637 in
1276 596 1381 637 hanc
1412 609 1483 650 pa-

95 659 232 711 ginam
256 658 415 699 admitti
440 662 579 699 nostra
605 671 726 711 quam
744 670 931 698 maxume
951 657 1196 698 verecundia
1215 661 1336 712 vetat,
1362 669 1484 710 quam

92 731 186 760 suas
225 720 451 760 otiositates
488 719 742 772 trepidanter
780 719 969 759 edentem
1007 717 1225 758 meliorum
1257 719 1484 759 carminum

92 781 340 834 comparatio
385 781 545 833 premit.
614 777 656 820 4.
695 792 789 820 nam
832 781 954 820 sicuti
990 791 1135 820 novam
1173 783 1342 832 nuptam
1380 778 1483 819 nihil
1502 791 1539 817 ιο

91 842 230 881 minus
263 853 384 894 quam
414 839 624 894 pulchrior
654 839 838 894 pronuba
871 840 1004 894 decet,
1043 841 1187 894 sicuti,
1220 841 1256 880 si
1287 840 1484 880 vestiatur

93 900 205 956 albo,
242 901 381 942 fuscus
414 903 587 954 quisque
620 901 665 941 fit
696 902 870 955 nigrior,
909 902 968 941 sic
1000 905 1158 955 nostra,
1196 899 1388 954 quantula
1421 904 1484 940 est

94 974 280 1017 cumque,
311 961 421 1002 tubis
454 962 700 1002 circumfusa
731 961 959 1015 potioribus
986 961 1135 1015 stipula
1159 961 1330 1015 vilescit,
1363 973 1485 1014 quam

93 1022 268 1063 mediam
307 1022 414 1077 loco,
452 1023 633 1063 infimam
664 1024 811 1063 merito
843 1021 1195 1076 despicabiliorem
1226 1022 1484 1075 pronuntiari

93 1095 177 1124 non
220 1084 424 1137 imperitia
462 1083 582 1124 modo
622 1083 693 1124 sed
732 1088 772 1123 et
810 1084 1040 1136 arrogantia
1078 1083 1185 1123 facit.
1236 1087 1485 1136 quapropter
1504 1093 1538 1121 15

93 1143 258 1185 illorum
301 1145 450 1185 iustius
494 1145 784 1198 epigrammata
829 1145 980 1184 micant
1024 1156 1146 1197 quam
1189 1145 1334 1198 istaec,
1380 1156 1483 1196 quae

95 1206 332 1258 imaginarie
364 1210 523 1246 tantum
554 1210 594 1245 et
620 1204 915 1258 quodammodo
941 1204 1214 1245 umbratiliter
1239 1204 1482 1257 effingimus.

96 1265 169 1306 sed
195 1278 390 1319 quorsum
415 1263 523 1306 ista?
574 1267 672 1319 quin
697 1267 832 1319 potius
862 1267 1129 1319 paupertinus
1161 1265 1362 1318 flagitatae
1390 1277 1482 1306 can-

95 1325 243 1367 tilenae
276 1326 435 1367 culmus
466 1328 764 1367 immurmuret.

289 1422 486 1476 Quisquis
517 1423 720 1476 pontificis
751 1424 960 1476 patrisque
992 1424 1124 1463 nostri

291 1483 507 1524 conlaudas
539 1483 735 1524 Patientis
766 1483 833 1524 hic
864 1483 1057 1538 laborem,

290 1545 374 1584 voti
405 1549 589 1597 compote
623 1543 917 1597 supplicatione

292 1617 532 1645 concessum
565 1606 774 1658 experiare
808 1604 915 1657 quod
948 1603 1120 1657 rogabis.

245 1674 266 1705 5
294 1665 406 1706 aedis
438 1664 545 1705 celsa
576 1667 679 1705 nitet
710 1677 787 1705 nec
818 1666 862 1704 in
894 1666 1106 1705 sinistrum

294 1730 362 1766 aut
394 1725 581 1766 dextrum
612 1726 805 1779 trahitur,
838 1725 910 1766 sed
942 1737 1033 1765 arce
1067 1725 1211 1766 frontis

294 1792 429 1827 ortum
460 1787 659 1840 prospicit
690 1785 1038 1839 aequinoctialem.

292 1849 402 1887 intus
434 1846 503 1887 lux
535 1848 659 1887 micat
689 1852 809 1899 atque
841 1846 1086 1887 bratteatum

292 1907 354 1948 sol
386 1909 445 1948 sic
478 1907 718 1948 sollicitatur
750 1907 799 1948 ad
831 1907 1009 1961 lacunar,

222 1976 267 2008 10
293 1967 401 2009 fulvo
434 1973 478 2008 ut
510 1967 700 2008 concolor
732 1973 841 2008 erret
873 1969 916 2008 in
948 1967 1119 2008 metallo.

294 2028 528 2069 distinctum
561 2030 671 2069 vario
703 2030 836 2069 nitore
868 2041 1046 2069 marmor

292 2091 497 2142 percurrit
529 2102 728 2129 cameram
761 2088 892 2129 solum
924 2089 1136 2142 fenestras,

293 2162 339 2190 ac
371 2149 446 2190 sub
479 2149 792 2190 versicoloribus
825 2150 966 2202 figuris

200 2281 243 2314 11
271 2277 382 2314 decet
402 2277 448 2323 L,
476 2277 588 2314 decet
613 2278 653 2313 et
678 2279 733 2324 (et
757 2278 844 2315 add.
866 2277 939 2323 N2)
950 2278 995 2314 N
997 2278 1048 2314 M
1056 2276 1127 2314 GT
1143 2279 1155 2322 Ι,
1176 2280 1220 2312 12
1249 2275 1337 2312 albo
1357 2276 1485 2312 fuscus

104 2324 266 2371 quisque
292 2325 325 2362 si
356 2307 545 2362 vestiatur
572 2325 604 2362 Ο
618 2327 630 2372 ΙΙ
651 2330 696 2362 15
723 2329 763 2362 et
787 2338 856 2364 om.
881 2326 912 2363 G
926 2328 938 2372 ss
959 2329 1003 2361 16
1029 2325 1107 2361 ista
1134 2335 1177 2361 ec
1202 2324 1256 2371 L,
1287 2324 1366 2360 ista
1390 2324 1486 2361 haec

103 2373 252 2468 ἒὲἕέὲ
267 2373 999 2470 Ιῗιῖξέἓρὲἓιῖἒσῗξῗῗῗὲᾱξῗὲς
1003 2374 1402 2469 ,θὶἓὲῗῗὲνῗῗῖοἷῆ
1424 2384 1485 2409 ‘³¹
