<?xml version="1.0" encoding="UTF-8"?>
<!DOCTYPE html PUBLIC "-//W3C//DTD XHTML 1.0 Transitional//EN"
    "http://www.w3.org/TR/xhtml1/DTD/xhtml1-transitional.dtd">
<html xmlns="http://www.w3.org/1999/xhtml" xml:lang="en" lang="en">
 <head>
  <title>
</title>
<meta http-equiv="Content-Type" content="text/html;charset=utf-8" />
  <meta name='ocr-system' content='tesseract 3.04.00' />
  <meta name='ocr-capabilities' content='ocr_page ocr_carea ocr_par ocr_line ocrx_word'/>
</head>
<body>
  <div class='ocr_page' id='page_1' title='image "./csolliusapollina00sidouoft_0216.png"; bbox 0 0 1592 2612; ppageno 0'>
   <div class='ocr_carea' id='block_1_1' title="bbox 145 141 1037 191">
    <p class='ocr_par' dir='ltr' id='par_1_1' title="bbox 145 141 1037 191">
     <span class='ocr_line' id='line_1_1' title="bbox 145 141 1037 191; baseline -0.013 0"><span class='ocrx_word' id='word_1_1' title='bbox 145 148 232 191; x_wconf 81' lang='lat'><strong>164</strong></span> <span class='ocrx_word' id='word_1_2' title='bbox 613 143 760 179; x_wconf 85' lang='lat' dir='ltr'><strong>LIBER</strong></span> <span class='ocrx_word' id='word_1_3' title='bbox 785 141 1037 180; x_wconf 84' lang='lat' dir='ltr'><strong>SEPTIMUS.</strong></span> 
     </span>
    </p>
   </div>
   <div class='ocr_carea' id='block_1_2' title="bbox 92 241 1527 891">
    <p class='ocr_par' dir='ltr' id='par_1_2' title="bbox 142 241 1525 482">
     <span class='ocr_line' id='line_1_2' title="bbox 142 241 1525 300; baseline -0.006 -11"><span class='ocrx_word' id='word_1_4' title='bbox 142 254 212 290; x_wconf 90' lang='lat' dir='ltr'><strong>aut</strong></span> <span class='ocrx_word' id='word_1_5' title='bbox 255 248 505 300; x_wconf 91' lang='lat' dir='ltr'><strong>suspiciosus</strong></span> <span class='ocrx_word' id='word_1_6' title='bbox 549 246 789 298; x_wconf 83' lang='lat' dir='ltr'><strong>nequitiam,</strong></span> <span class='ocrx_word' id='word_1_7' title='bbox 840 249 909 284; x_wconf 91' lang='lat' dir='ltr'><strong>aut</strong></span> <span class='ocrx_word' id='word_1_8' title='bbox 957 244 1113 297; x_wconf 90' lang='lat' dir='ltr'><strong>peritus</strong></span> <span class='ocrx_word' id='word_1_9' title='bbox 1165 241 1407 283; x_wconf 80' lang='lat' dir='ltr'><strong>calumniam</strong></span> <span class='ocrx_word' id='word_1_10' title='bbox 1457 246 1525 282; x_wconf 89' lang='lat' dir='ltr'><strong>aut</strong></span> 
     </span>
     <span class='ocr_line' id='line_1_3' title="bbox 143 301 1525 362; baseline -0.005 -13"><span class='ocrx_word' id='word_1_11' title='bbox 143 310 355 362; x_wconf 89' lang='lat' dir='ltr'><strong>imperitus</strong></span> <span class='ocrx_word' id='word_1_12' title='bbox 399 306 613 346; x_wconf 82' lang='lat' dir='ltr'>infamiam.</span> <span class='ocrx_word' id='word_1_13' title='bbox 660 304 958 358; x_wconf 89' lang='lat' dir='ltr'><strong>simplicitatem</strong></span> <span class='ocrx_word' id='word_1_14' title='bbox 1009 302 1217 344; x_wconf 89' lang='lat' dir='ltr'><strong>columbae</strong></span> <span class='ocrx_word' id='word_1_15' title='bbox 1262 303 1305 343; x_wconf 91' lang='lat' dir='ltr'><strong>in</strong></span> <span class='ocrx_word' id='word_1_16' title='bbox 1353 301 1525 343; x_wconf 89' lang='lat' dir='ltr'><strong>ecclesia</strong></span> 
     </span>
     <span class='ocr_line' id='line_1_4' title="bbox 144 362 1524 422; baseline -0.006 -12"><span class='ocrx_word' id='word_1_17' title='bbox 144 373 293 422; x_wconf 88' lang='lat' dir='ltr'><strong>servat,</strong></span> <span class='ocrx_word' id='word_1_18' title='bbox 337 369 379 407; x_wconf 90' lang='lat' dir='ltr'><strong>in</strong></span> <span class='ocrx_word' id='word_1_19' title='bbox 411 367 496 406; x_wconf 87' lang='lat' dir='ltr'><strong>foro</strong></span> <span class='ocrx_word' id='word_1_20' title='bbox 531 367 733 419; x_wconf 88' lang='lat' dir='ltr'><strong>serpentis</strong></span> <span class='ocrx_word' id='word_1_21' title='bbox 766 367 971 418; x_wconf 69' lang='lat' dir='ltr'><strong>astutiam,</strong></span> <span class='ocrx_word' id='word_1_22' title='bbox 1015 363 1134 404; x_wconf 91' lang='lat' dir='ltr'><strong>honis</strong></span> <span class='ocrx_word' id='word_1_23' title='bbox 1165 362 1364 417; x_wconf 91' lang='lat' dir='ltr'><strong>prudens,</strong></span> <span class='ocrx_word' id='word_1_24' title='bbox 1408 362 1524 403; x_wconf 90' lang='lat' dir='ltr'><strong>malis</strong></span> 
     </span>
     <span class='ocr_line' id='line_1_5' title="bbox 145 421 1525 482; baseline -0.005 -12"><span class='ocrx_word' id='word_1_25' title='bbox 145 433 298 482; x_wconf 82' lang='lat' dir='ltr'><strong>cautus,</strong></span> <span class='ocrx_word' id='word_1_26' title='bbox 335 428 490 467; x_wconf 82' lang='lat' dir='ltr'><strong>neutris</strong></span> <span class='ocrx_word' id='word_1_27' title='bbox 532 426 698 467; x_wconf 90' lang='lat' dir='ltr'><strong>callidus</strong></span> <span class='ocrx_word' id='word_1_28' title='bbox 741 425 953 466; x_wconf 88' lang='lat' dir='ltr'><strong>iudicatur.</strong></span> <span class='ocrx_word' id='word_1_29' title='bbox 1017 422 1056 466; x_wconf 83' lang='lat'><strong>5.</strong></span> <span class='ocrx_word' id='word_1_30' title='bbox 1091 423 1188 477; x_wconf 90' lang='lat' dir='ltr'><strong>quid</strong></span> <span class='ocrx_word' id='word_1_31' title='bbox 1219 421 1364 477; x_wconf 86' lang='lat' dir='ltr'><strong>plura‘?</strong></span> <span class='ocrx_word' id='word_1_32' title='bbox 1395 427 1525 464; x_wconf 91' lang='lat' dir='ltr'><strong>totum</strong></span> 
     </span>
    </p>

    <p class='ocr_par' dir='ltr' id='par_1_3' title="bbox 105 483 1526 783">
     <span class='ocr_line' id='line_1_6' title="bbox 105 483 1526 540; baseline -0.005 -10"><span class='ocrx_word' id='word_1_33' title='bbox 105 504 123 531; x_wconf 91' lang='lat'><strong>5</strong></span> <span class='ocrx_word' id='word_1_34' title='bbox 143 495 183 530; x_wconf 93' lang='lat' dir='ltr'><strong>te</strong></span> <span class='ocrx_word' id='word_1_35' title='bbox 214 488 331 529; x_wconf 90' lang='lat' dir='ltr'><strong>nobis</strong></span> <span class='ocrx_word' id='word_1_36' title='bbox 364 487 430 527; x_wconf 92' lang='lat' dir='ltr'><strong>ille</strong></span> <span class='ocrx_word' id='word_1_37' title='bbox 463 488 543 526; x_wconf 90' lang='lat' dir='ltr'><strong>iam</strong></span> <span class='ocrx_word' id='word_1_38' title='bbox 574 486 768 540; x_wconf 82' lang='lat' dir='ltr'><strong>reddidit3</strong></span> <span class='ocrx_word' id='word_1_39' title='bbox 801 491 927 526; x_wconf 91' lang='lat' dir='ltr'><strong>totam</strong></span> <span class='ocrx_word' id='word_1_40' title='bbox 953 490 1064 525; x_wconf 89' lang='lat' dir='ltr'><strong>tuam</strong></span> <span class='ocrx_word' id='word_1_41' title='bbox 1090 485 1400 538; x_wconf 86' lang='lat' dir='ltr'><strong>temperantiam</strong></span> <span class='ocrx_word' id='word_1_42' title='bbox 1431 483 1526 524; x_wconf 91' lang='lat' dir='ltr'><strong>reli-</strong></span> 
     </span>
     <span class='ocr_line' id='line_1_7' title="bbox 143 544 1526 603; baseline -0.004 -14"><span class='ocrx_word' id='word_1_43' title='bbox 143 551 312 603; x_wconf 87' lang='lat' dir='ltr'><strong>gionem,</strong></span> <span class='ocrx_word' id='word_1_44' title='bbox 344 547 572 587; x_wconf 89' lang='lat' dir='ltr'><strong>libertatem</strong></span> <span class='ocrx_word' id='word_1_45' title='bbox 616 547 901 587; x_wconf 89' lang='lat' dir='ltr'><strong>verecundiam</strong></span> <span class='ocrx_word' id='word_1_46' title='bbox 934 550 974 586; x_wconf 92' lang='lat' dir='ltr'><strong>et</strong></span> <span class='ocrx_word' id='word_1_47' title='bbox 1006 545 1115 586; x_wconf 90' lang='lat' dir='ltr'><strong>illam</strong></span> <span class='ocrx_word' id='word_1_48' title='bbox 1150 544 1344 585; x_wconf 84' lang='lat' dir='ltr'><strong>delicatae</strong></span> <span class='ocrx_word' id='word_1_49' title='bbox 1376 545 1526 585; x_wconf 91' lang='lat' dir='ltr'><strong>mentis</strong></span> 
     </span>
     <span class='ocr_line' id='line_1_8' title="bbox 141 605 1525 663; baseline -0.004 -13"><span class='ocrx_word' id='word_1_50' title='bbox 141 610 443 663; x_wconf 84' lang='lat' dir='ltr'><strong>pudicissimam</strong></span> <span class='ocrx_word' id='word_1_51' title='bbox 469 607 784 648; x_wconf 88' lang='lat' dir='ltr'><strong>teneritudinem</strong></span> <span class='ocrx_word' id='word_1_52' title='bbox 809 607 985 647; x_wconf 91' lang='lat' dir='ltr'><strong>iucunda</strong></span> <span class='ocrx_word' id='word_1_53' title='bbox 1012 605 1276 646; x_wconf 85' lang='lat' dir='ltr'><strong>similitudine</strong></span> <span class='ocrx_word' id='word_1_54' title='bbox 1298 606 1525 658; x_wconf 85' lang='lat' dir='ltr'><strong>exscripsit.</strong></span> 
     </span>
     <span class='ocr_line' id='line_1_9' title="bbox 143 664 1524 723; baseline -0.004 -13"><span class='ocrx_word' id='word_1_55' title='bbox 143 673 385 723; x_wconf 86' lang='lat' dir='ltr'><strong>quapropter</strong></span> <span class='ocrx_word' id='word_1_56' title='bbox 418 673 612 720; x_wconf 91' lang='lat' dir='ltr'><strong>quantum</strong></span> <span class='ocrx_word' id='word_1_57' title='bbox 644 667 819 708; x_wconf 84' lang='lat' dir='ltr'><strong>volueris</strong></span> <span class='ocrx_word' id='word_1_58' title='bbox 853 668 1044 720; x_wconf 86' lang='lat' dir='ltr'><strong>deinceps</strong></span> <span class='ocrx_word' id='word_1_59' title='bbox 1077 667 1159 707; x_wconf 86' lang='lat' dir='ltr'><strong>frui</strong></span> <span class='ocrx_word' id='word_1_60' title='bbox 1191 670 1361 720; x_wconf 87' lang='lat' dir='ltr'><strong>secreto,</strong></span> <span class='ocrx_word' id='word_1_61' title='bbox 1394 664 1524 706; x_wconf 92' lang='lat' dir='ltr'><strong>indul-</strong></span> 
     </span>
     <span class='ocr_line' id='line_1_10' title="bbox 143 726 1525 783; baseline -0.003 -13"><span class='ocrx_word' id='word_1_62' title='bbox 143 743 237 783; x_wconf 86' lang='lat' dir='ltr'><strong>gere</strong></span> <span class='ocrx_word' id='word_1_63' title='bbox 258 730 450 782; x_wconf 90' lang='lat' dir='ltr'><strong>secessui,</strong></span> <span class='ocrx_word' id='word_1_64' title='bbox 477 729 615 769; x_wconf 85' lang='lat' dir='ltr'><strong>licebit</strong></span> <span class='ocrx_word' id='word_1_65' title='bbox 635 728 861 783; x_wconf 84' lang='lat' dir='ltr'><strong>indulgeas3</strong></span> <span class='ocrx_word' id='word_1_66' title='bbox 889 727 1218 781; x_wconf 91' lang='lat' dir='ltr'><strong>quandoquidem</strong></span> <span class='ocrx_word' id='word_1_67' title='bbox 1237 739 1312 767; x_wconf 90' lang='lat' dir='ltr'><strong>nos</strong></span> <span class='ocrx_word' id='word_1_68' title='bbox 1332 728 1375 766; x_wconf 89' lang='lat' dir='ltr'><strong>in</strong></span> <span class='ocrx_word' id='word_1_69' title='bbox 1401 726 1525 767; x_wconf 88' lang='lat' dir='ltr'><strong>fratre</strong></span> 
     </span>
    </p>

    <p class='ocr_par' dir='ltr' id='par_1_4' title="bbox 92 788 1527 891">
     <span class='ocr_line' id='line_1_11' title="bbox 92 788 1527 843; baseline -0.002 -13"><span class='ocrx_word' id='word_1_70' title='bbox 92 803 234 832; x_wconf 81' lang='lat' dir='ltr'><strong>10meo</strong></span> <span class='ocrx_word' id='word_1_71' title='bbox 266 790 445 829; x_wconf 89' lang='lat' dir='ltr'><strong>Himerio</strong></span> <span class='ocrx_word' id='word_1_72' title='bbox 479 802 596 829; x_wconf 88' lang='lat' dir='ltr'><strong>avum</strong></span> <span class='ocrx_word' id='word_1_73' title='bbox 627 790 808 843; x_wconf 89' lang='lat' dir='ltr'><strong>nomine,</strong></span> <span class='ocrx_word' id='word_1_74' title='bbox 840 793 996 842; x_wconf 88' lang='lat' dir='ltr'><strong>patrem</strong></span> <span class='ocrx_word' id='word_1_75' title='bbox 1029 788 1148 842; x_wconf 87' lang='lat' dir='ltr'><strong>facie,</strong></span> <span class='ocrx_word' id='word_1_76' title='bbox 1180 792 1398 841; x_wconf 85' lang='lat' dir='ltr'><strong>utrumque</strong></span> <span class='ocrx_word' id='word_1_77' title='bbox 1431 799 1527 840; x_wconf 88' lang='lat' dir='ltr'><strong>pru-</strong></span> 
     </span>
     <span class='ocr_line' id='line_1_12' title="bbox 148 849 764 891; baseline -0.003 0"><span class='ocrx_word' id='word_1_78' title='bbox 148 851 283 891; x_wconf 91' lang='lat' dir='ltr'><strong>dentia</strong></span> <span class='ocrx_word' id='word_1_79' title='bbox 314 852 394 890; x_wconf 92' lang='lat' dir='ltr'><strong>iam</strong></span> <span class='ocrx_word' id='word_1_80' title='bbox 426 855 621 890; x_wconf 88' lang='lat' dir='ltr'><strong>tenemus.</strong></span> <span class='ocrx_word' id='word_1_81' title='bbox 667 849 764 889; x_wconf 90' lang='lat' dir='ltr'><strong>vale.</strong></span> 
     </span>
    </p>
   </div>
   <div class='ocr_carea' id='block_1_3' title="bbox 378 1002 1292 1123">
    <p class='ocr_par' dir='ltr' id='par_1_5' title="bbox 378 1002 1292 1123">
     <span class='ocr_line' id='line_1_13' title="bbox 775 1002 894 1046; baseline -0.008 0"><span class='ocrx_word' id='word_1_82' title='bbox 775 1002 894 1046; x_wconf 92' lang='lat' dir='ltr'>XIV.</span> 
     </span>
     <span class='ocr_line' id='line_1_14' title="bbox 378 1085 1292 1123; baseline 0.002 -2"><span class='ocrx_word' id='word_1_83' title='bbox 378 1085 604 1122; x_wconf 82' lang='lat' dir='ltr'>SIDONIUS</span> <span class='ocrx_word' id='word_1_84' title='bbox 630 1085 899 1122; x_wconf 78' lang='lat' dir='ltr'><strong>PHILAGRIO</strong></span> <span class='ocrx_word' id='word_1_85' title='bbox 928 1085 1021 1122; x_wconf 85' lang='lat' dir='ltr'><strong>SUO</strong></span> <span class='ocrx_word' id='word_1_86' title='bbox 1048 1085 1292 1123; x_wconf 86' lang='lat' dir='ltr'><strong>SALUTEM.</strong></span> 
     </span>
    </p>
   </div>
   <div class='ocr_carea' id='block_1_4' title="bbox 91 1158 1533 2304">
    <p class='ocr_par' dir='ltr' id='par_1_6' title="bbox 91 1158 1533 2304">
     <span class='ocr_line' id='line_1_15' title="bbox 241 1158 1529 1219; baseline 0 -16"><span class='ocrx_word' id='word_1_87' title='bbox 241 1162 278 1204; x_wconf 90' lang='lat'><strong>1.</strong></span> <span class='ocrx_word' id='word_1_88' title='bbox 328 1163 513 1202; x_wconf 87' lang='lat' dir='ltr'><strong>Proxime</strong></span> <span class='ocrx_word' id='word_1_89' title='bbox 554 1165 661 1203; x_wconf 90' lang='lat' dir='ltr'><strong>inter</strong></span> <span class='ocrx_word' id='word_1_90' title='bbox 703 1167 922 1203; x_wconf 83' lang='lat' dir='ltr'><strong>summates</strong></span> <span class='ocrx_word' id='word_1_91' title='bbox 963 1164 1071 1203; x_wconf 89' lang='lat' dir='ltr'><strong>viros</strong></span> <span class='ocrx_word' id='word_1_92' title='bbox 1115 1158 1223 1219; x_wconf 84' lang='lat' dir='ltr'><strong>(erat</strong></span> <span class='ocrx_word' id='word_1_93' title='bbox 1260 1167 1300 1203; x_wconf 94' lang='lat' dir='ltr'><strong>et</strong></span> <span class='ocrx_word' id='word_1_94' title='bbox 1338 1163 1529 1216; x_wconf 83' lang='lat' dir='ltr'><strong>frequens</strong></span> 
     </span>
     <span class='ocr_line' id='line_1_16' title="bbox 148 1219 1528 1279; baseline 0 -16"><span class='ocrx_word' id='word_1_95' title='bbox 148 1219 265 1279; x_wconf 85' lang='lat' dir='ltr'><strong>ordo)</strong></span> <span class='ocrx_word' id='word_1_96' title='bbox 299 1225 423 1263; x_wconf 90' lang='lat' dir='ltr'><strong>vestri</strong></span> <span class='ocrx_word' id='word_1_97' title='bbox 455 1225 604 1263; x_wconf 90' lang='lat' dir='ltr'><strong>mentio</strong></span> <span class='ocrx_word' id='word_1_98' title='bbox 639 1224 724 1264; x_wconf 86' lang='lat' dir='ltr'><strong>fuit.</strong></span> <span class='ocrx_word' id='word_1_99' title='bbox 784 1236 924 1264; x_wconf 91' lang='lat' dir='ltr'><strong>omnes</strong></span> <span class='ocrx_word' id='word_1_100' title='bbox 957 1223 1006 1263; x_wconf 93' lang='lat' dir='ltr'><strong>de</strong></span> <span class='ocrx_word' id='word_1_101' title='bbox 1039 1228 1079 1264; x_wconf 94' lang='lat' dir='ltr'><strong>te</strong></span> <span class='ocrx_word' id='word_1_102' title='bbox 1111 1222 1208 1263; x_wconf 92' lang='lat' dir='ltr'><strong>boni</strong></span> <span class='ocrx_word' id='word_1_103' title='bbox 1240 1225 1283 1263; x_wconf 92' lang='lat' dir='ltr'><strong>in</strong></span> <span class='ocrx_word' id='word_1_104' title='bbox 1315 1235 1528 1264; x_wconf 90' lang='lat' dir='ltr'><strong>commune</strong></span> 
     </span>
     <span class='ocr_line' id='line_1_17' title="bbox 91 1283 1531 1338; baseline -0.001 -13"><span class='ocrx_word' id='word_1_105' title='bbox 91 1299 127 1326; x_wconf 88' lang='lat'><strong>15</strong></span> <span class='ocrx_word' id='word_1_106' title='bbox 147 1289 365 1324; x_wconf 87' lang='lat' dir='ltr'><strong>senserunt</strong></span> <span class='ocrx_word' id='word_1_107' title='bbox 410 1285 542 1324; x_wconf 89' lang='lat' dir='ltr'><strong>omnia</strong></span> <span class='ocrx_word' id='word_1_108' title='bbox 591 1284 713 1338; x_wconf 90' lang='lat' dir='ltr'><strong>bona,</strong></span> <span class='ocrx_word' id='word_1_109' title='bbox 757 1296 850 1324; x_wconf 90' lang='lat' dir='ltr'><strong>cum</strong></span> <span class='ocrx_word' id='word_1_110' title='bbox 893 1289 1026 1324; x_wconf 89' lang='lat' dir='ltr'><strong>tamen</strong></span> <span class='ocrx_word' id='word_1_111' title='bbox 1059 1283 1209 1336; x_wconf 89' lang='lat' dir='ltr'><strong>singuli</strong></span> <span class='ocrx_word' id='word_1_112' title='bbox 1241 1285 1390 1337; x_wconf 88' lang='lat' dir='ltr'><strong>quique</strong></span> <span class='ocrx_word' id='word_1_113' title='bbox 1421 1285 1531 1324; x_wconf 87' lang='lat' dir='ltr'><strong>varia</strong></span> 
     </span>
     <span class='ocr_line' id='line_1_18' title="bbox 146 1343 1531 1398; baseline 0.001 -14"><span class='ocrx_word' id='word_1_114' title='bbox 146 1347 339 1384; x_wconf 90' lang='lat' dir='ltr'><strong>virtutum</strong></span> <span class='ocrx_word' id='word_1_115' title='bbox 367 1356 513 1396; x_wconf 89' lang='lat' dir='ltr'><strong>genera</strong></span> <span class='ocrx_word' id='word_1_116' title='bbox 540 1345 746 1385; x_wconf 87' lang='lat' dir='ltr'><strong>dixissent.</strong></span> <span class='ocrx_word' id='word_1_117' title='bbox 774 1357 871 1385; x_wconf 87' lang='lat' dir='ltr'><strong>sane</strong></span> <span class='ocrx_word' id='word_1_118' title='bbox 903 1357 996 1385; x_wconf 90' lang='lat' dir='ltr'><strong>cum</strong></span> <span class='ocrx_word' id='word_1_119' title='bbox 1023 1344 1102 1385; x_wconf 91' lang='lat' dir='ltr'><strong>sibi</strong></span> <span class='ocrx_word' id='word_1_120' title='bbox 1134 1345 1312 1398; x_wconf 88' lang='lat' dir='ltr'><strong>quipiam</strong></span> <span class='ocrx_word' id='word_1_121' title='bbox 1338 1343 1388 1385; x_wconf 92' lang='lat' dir='ltr'><strong>de</strong></span> <span class='ocrx_word' id='word_1_122' title='bbox 1414 1357 1531 1398; x_wconf 90' lang='lat' dir='ltr'><strong>prae-</strong></span> 
     </span>
     <span class='ocr_line' id='line_1_19' title="bbox 148 1404 1530 1459; baseline 0.001 -15"><span class='ocrx_word' id='word_1_123' title='bbox 148 1406 276 1445; x_wconf 86' lang='lat' dir='ltr'><strong>sentia</strong></span> <span class='ocrx_word' id='word_1_124' title='bbox 307 1409 387 1458; x_wconf 88' lang='lat' dir='ltr'><strong>tua,</strong></span> <span class='ocrx_word' id='word_1_125' title='bbox 420 1406 534 1457; x_wconf 88' lang='lat' dir='ltr'><strong>quasi</strong></span> <span class='ocrx_word' id='word_1_126' title='bbox 565 1410 604 1445; x_wconf 90' lang='lat' dir='ltr'><strong>te</strong></span> <span class='ocrx_word' id='word_1_127' title='bbox 631 1406 759 1458; x_wconf 87' lang='lat' dir='ltr'><strong>magis</strong></span> <span class='ocrx_word' id='word_1_128' title='bbox 791 1410 971 1459; x_wconf 84' lang='lat' dir='ltr'><strong>nossent,</strong></span> <span class='ocrx_word' id='word_1_129' title='bbox 996 1409 1158 1458; x_wconf 91' lang='lat' dir='ltr'><strong>praeter</strong></span> <span class='ocrx_word' id='word_1_130' title='bbox 1185 1417 1360 1458; x_wconf 90' lang='lat' dir='ltr'><strong>aequum</strong></span> <span class='ocrx_word' id='word_1_131' title='bbox 1385 1404 1530 1458; x_wconf 87' lang='lat' dir='ltr'><strong>gloria-</strong></span> 
     </span>
     <span class='ocr_line' id='line_1_20' title="bbox 147 1465 1532 1519; baseline 0.001 -14"><span class='ocrx_word' id='word_1_132' title='bbox 147 1470 308 1519; x_wconf 83' lang='lat' dir='ltr'><strong>rentur,</strong></span> <span class='ocrx_word' id='word_1_133' title='bbox 363 1465 572 1519; x_wconf 86' lang='lat' dir='ltr'><strong>incandui,</strong></span> <span class='ocrx_word' id='word_1_134' title='bbox 625 1467 773 1519; x_wconf 89' lang='lat' dir='ltr'><strong>quippe</strong></span> <span class='ocrx_word' id='word_1_135' title='bbox 826 1479 918 1506; x_wconf 91' lang='lat' dir='ltr'><strong>cum</strong></span> <span class='ocrx_word' id='word_1_136' title='bbox 969 1465 1051 1506; x_wconf 92' lang='lat' dir='ltr'><strong>dici</strong></span> <span class='ocrx_word' id='word_1_137' title='bbox 1105 1478 1188 1506; x_wconf 91' lang='lat' dir='ltr'><strong>non</strong></span> <span class='ocrx_word' id='word_1_138' title='bbox 1239 1467 1532 1519; x_wconf 89' lang='lat' dir='ltr'><strong>aequanimiter</strong></span> 
     </span>
     <span class='ocr_line' id='line_1_21' title="bbox 147 1525 1531 1567; baseline 0.002 -3"><span class='ocrx_word' id='word_1_139' title='bbox 147 1525 401 1565; x_wconf 86' lang='lat' dir='ltr'><strong>admitterem</strong></span> <span class='ocrx_word' id='word_1_140' title='bbox 433 1527 562 1566; x_wconf 90' lang='lat' dir='ltr'><strong>virum</strong></span> <span class='ocrx_word' id='word_1_141' title='bbox 595 1528 775 1567; x_wconf 91' lang='lat' dir='ltr'><strong>omnium</strong></span> <span class='ocrx_word' id='word_1_142' title='bbox 807 1526 1035 1567; x_wconf 89' lang='lat' dir='ltr'><strong>litterarum</strong></span> <span class='ocrx_word' id='word_1_143' title='bbox 1067 1526 1339 1567; x_wconf 87' lang='lat' dir='ltr'><strong>vicinantibus</strong></span> <span class='ocrx_word' id='word_1_144' title='bbox 1365 1527 1531 1567; x_wconf 87' lang='lat' dir='ltr'><strong>rusticis</strong></span> 
     </span>
     <span class='ocr_line' id='line_1_22' title="bbox 92 1585 1532 1640; baseline -0.001 -12"><span class='ocrx_word' id='word_1_145' title='bbox 92 1601 128 1628; x_wconf 82' lang='lat'><strong>20</strong></span> <span class='ocrx_word' id='word_1_146' title='bbox 147 1598 266 1638; x_wconf 86' lang='lat' dir='ltr'><strong>quam</strong></span> <span class='ocrx_word' id='word_1_147' title='bbox 298 1587 493 1626; x_wconf 89' lang='lat' dir='ltr'><strong>institutis</strong></span> <span class='ocrx_word' id='word_1_148' title='bbox 526 1587 614 1626; x_wconf 85' lang='lat' dir='ltr'><strong>fieri</strong></span> <span class='ocrx_word' id='word_1_149' title='bbox 646 1587 933 1628; x_wconf 91' lang='lat' dir='ltr'><strong>remotioribus</strong></span> <span class='ocrx_word' id='word_1_150' title='bbox 966 1588 1177 1627; x_wconf 87' lang='lat' dir='ltr'><strong>notiorem.</strong></span> <span class='ocrx_word' id='word_1_151' title='bbox 1240 1585 1280 1628; x_wconf 80' lang='lat'><strong>2.</strong></span> <span class='ocrx_word' id='word_1_152' title='bbox 1332 1588 1532 1640; x_wconf 89' lang='lat' dir='ltr'><strong>processit</strong></span> 
     </span>
     <span class='ocr_line' id='line_1_23' title="bbox 146 1646 1530 1703; baseline 0.002 -18"><span class='ocrx_word' id='word_1_153' title='bbox 146 1647 189 1686; x_wconf 88' lang='lat' dir='ltr'><strong>in</strong></span> <span class='ocrx_word' id='word_1_154' title='bbox 232 1646 423 1686; x_wconf 88' lang='lat' dir='ltr'><strong>ulteriora</strong></span> <span class='ocrx_word' id='word_1_155' title='bbox 469 1649 690 1703; x_wconf 82' lang='lat' dir='ltr'><strong>contenti03</strong></span> <span class='ocrx_word' id='word_1_156' title='bbox 735 1653 776 1688; x_wconf 94' lang='lat' dir='ltr'><strong>et</strong></span> <span class='ocrx_word' id='word_1_157' title='bbox 820 1660 912 1688; x_wconf 89' lang='lat' dir='ltr'><strong>cum</strong></span> <span class='ocrx_word' id='word_1_158' title='bbox 953 1647 1078 1700; x_wconf 90' lang='lat' dir='ltr'><strong>aliqui</strong></span> <span class='ocrx_word' id='word_1_159' title='bbox 1119 1660 1243 1701; x_wconf 88' lang='lat' dir='ltr'><strong>super</strong></span> <span class='ocrx_word' id='word_1_160' title='bbox 1283 1647 1359 1688; x_wconf 90' lang='lat' dir='ltr'><strong>hoc</strong></span> <span class='ocrx_word' id='word_1_161' title='bbox 1391 1660 1530 1688; x_wconf 89' lang='lat' dir='ltr'><strong>errore</strong></span> 
     </span>
     <span class='ocr_line' id='line_1_24' title="bbox 146 1704 1531 1764; baseline 0.001 -18"><span class='ocrx_word' id='word_1_162' title='bbox 146 1708 410 1759; x_wconf 87' lang='lat' dir='ltr'><strong>pervicaciter</strong></span> <span class='ocrx_word' id='word_1_163' title='bbox 461 1712 863 1748; x_wconf 83' lang='lat' dir='ltr'><strong>controversarentur</strong></span> <span class='ocrx_word' id='word_1_164' title='bbox 909 1704 1153 1764; x_wconf 81' lang='lat' dir='ltr'><strong>(idiotarum</strong></span> <span class='ocrx_word' id='word_1_165' title='bbox 1205 1708 1407 1761; x_wconf 89' lang='lat' dir='ltr'><strong>siquidem</strong></span> <span class='ocrx_word' id='word_1_166' title='bbox 1457 1713 1531 1762; x_wconf 88' lang='lat' dir='ltr'><strong>est,</strong></span> 
     </span>
     <span class='ocr_line' id='line_1_25' title="bbox 148 1765 1532 1825; baseline 0.002 -19"><span class='ocrx_word' id='word_1_167' title='bbox 148 1768 251 1807; x_wconf 90' lang='lat' dir='ltr'><strong>sicut</strong></span> <span class='ocrx_word' id='word_1_168' title='bbox 284 1767 398 1807; x_wconf 83' lang='lat' dir='ltr'><strong>facile</strong></span> <span class='ocrx_word' id='word_1_169' title='bbox 443 1769 644 1822; x_wconf 88' lang='lat' dir='ltr'><strong>convinci,</strong></span> <span class='ocrx_word' id='word_1_170' title='bbox 696 1770 751 1809; x_wconf 88' lang='lat' dir='ltr'><strong>ita</strong></span> <span class='ocrx_word' id='word_1_171' title='bbox 796 1768 958 1809; x_wconf 82' lang='lat' dir='ltr'><strong>difficile</strong></span> <span class='ocrx_word' id='word_1_172' title='bbox 1005 1765 1248 1825; x_wconf 83' lang='lat' dir='ltr'><strong>compesci),</strong></span> <span class='ocrx_word' id='word_1_173' title='bbox 1299 1773 1532 1809; x_wconf 87' lang='lat' dir='ltr'><strong>constanter</strong></span> 
     </span>
     <span class='ocr_line' id='line_1_26' title="bbox 148 1827 1532 1882; baseline 0.002 -16"><span class='ocrx_word' id='word_1_174' title='bbox 148 1829 320 1881; x_wconf 89' lang='lat' dir='ltr'><strong>asserui,</strong></span> <span class='ocrx_word' id='word_1_175' title='bbox 361 1829 396 1867; x_wconf 92' lang='lat' dir='ltr'><strong>si</strong></span> <span class='ocrx_word' id='word_1_176' title='bbox 428 1827 709 1880; x_wconf 89' lang='lat' dir='ltr'><strong>eloquentibus</strong></span> <span class='ocrx_word' id='word_1_177' title='bbox 743 1831 883 1869; x_wconf 89' lang='lat' dir='ltr'><strong>amicis</strong></span> <span class='ocrx_word' id='word_1_178' title='bbox 917 1842 1136 1882; x_wconf 91' lang='lat' dir='ltr'><strong>numquam</strong></span> <span class='ocrx_word' id='word_1_179' title='bbox 1169 1830 1320 1882; x_wconf 87' lang='lat' dir='ltr'><strong>agnitio</strong></span> <span class='ocrx_word' id='word_1_180' title='bbox 1353 1833 1532 1869; x_wconf 89' lang='lat' dir='ltr'><strong>contem-</strong></span> 
     </span>
     <span class='ocr_line' id='line_1_27' title="bbox 92 1887 1531 1944; baseline 0.001 -16"><span class='ocrx_word' id='word_1_181' title='bbox 92 1902 127 1928; x_wconf 83' lang='lat'><strong>25</strong></span> <span class='ocrx_word' id='word_1_182' title='bbox 148 1887 292 1939; x_wconf 88' lang='lat' dir='ltr'><strong>plativa</strong></span> <span class='ocrx_word' id='word_1_183' title='bbox 352 1890 578 1943; x_wconf 89' lang='lat' dir='ltr'><strong>proveniat,</strong></span> <span class='ocrx_word' id='word_1_184' title='bbox 630 1902 718 1929; x_wconf 92' lang='lat' dir='ltr'><strong>esse</strong></span> <span class='ocrx_word' id='word_1_185' title='bbox 781 1902 988 1944; x_wconf 89' lang='lat' dir='ltr'><strong>asperum,</strong></span> <span class='ocrx_word' id='word_1_186' title='bbox 1053 1895 1270 1943; x_wconf 89' lang='lat' dir='ltr'><strong>utcumque</strong></span> <span class='ocrx_word' id='word_1_187' title='bbox 1321 1888 1531 1930; x_wconf 86' lang='lat' dir='ltr'><strong>tolerabile</strong></span> 
     </span>
     <span class='ocr_line' id='line_1_28' title="bbox 147 1945 1531 2004; baseline 0.003 -18"><span class='ocrx_word' id='word_1_188' title='bbox 147 1952 300 2001; x_wconf 86' lang='lat' dir='ltr'><strong>tamen,</strong></span> <span class='ocrx_word' id='word_1_189' title='bbox 333 1949 425 2000; x_wconf 93' lang='lat' dir='ltr'><strong>quia</strong></span> <span class='ocrx_word' id='word_1_190' title='bbox 451 1948 705 2000; x_wconf 87' lang='lat' dir='ltr'><strong>praevaleant</strong></span> <span class='ocrx_word' id='word_1_191' title='bbox 736 1951 898 2002; x_wconf 87' lang='lat' dir='ltr'><strong>ingenia</strong></span> <span class='ocrx_word' id='word_1_192' title='bbox 931 1963 1019 2004; x_wconf 89' lang='lat' dir='ltr'><strong>sua,</strong></span> <span class='ocrx_word' id='word_1_193' title='bbox 1053 1962 1190 1990; x_wconf 90' lang='lat' dir='ltr'><strong>coram</strong></span> <span class='ocrx_word' id='word_1_194' title='bbox 1222 1949 1372 2004; x_wconf 90' lang='lat' dir='ltr'><strong>quibus</strong></span> <span class='ocrx_word' id='word_1_195' title='bbox 1404 1945 1531 2004; x_wconf 85' lang='lat' dir='ltr'><strong>impe-</strong></span> 
     </span>
     <span class='ocr_line' id='line_1_29' title="bbox 149 2009 1529 2064; baseline 0.004 -18"><span class='ocrx_word' id='word_1_196' title='bbox 149 2009 240 2047; x_wconf 88' lang='lat' dir='ltr'><strong>ritia</strong></span> <span class='ocrx_word' id='word_1_197' title='bbox 273 2009 397 2048; x_wconf 88' lang='lat' dir='ltr'><strong>civica</strong></span> <span class='ocrx_word' id='word_1_198' title='bbox 428 2010 728 2063; x_wconf 87' lang='lat' dir='ltr'><strong>peregrinatur,</strong></span> <span class='ocrx_word' id='word_1_199' title='bbox 773 2010 821 2050; x_wconf 90' lang='lat' dir='ltr'><strong>ad</strong></span> <span class='ocrx_word' id='word_1_200' title='bbox 853 2016 1100 2051; x_wconf 89' lang='lat' dir='ltr'><strong>remotarum</strong></span> <span class='ocrx_word' id='word_1_201' title='bbox 1133 2010 1335 2061; x_wconf 87' lang='lat' dir='ltr'><strong>desideria</strong></span> <span class='ocrx_word' id='word_1_202' title='bbox 1367 2012 1529 2064; x_wconf 89' lang='lat' dir='ltr'><strong>provin-</strong></span> 
     </span>
     <span class='ocr_line' id='line_1_30' title="bbox 150 2068 1530 2126; baseline 0.004 -19"><span class='ocrx_word' id='word_1_203' title='bbox 150 2070 301 2107; x_wconf 87' lang='lat' dir='ltr'><strong>ciarum</strong></span> <span class='ocrx_word' id='word_1_204' title='bbox 353 2068 444 2108; x_wconf 91' lang='lat' dir='ltr'><strong>stilo</strong></span> <span class='ocrx_word' id='word_1_205' title='bbox 497 2069 806 2110; x_wconf 88' lang='lat' dir='ltr'><strong>adminiculante</strong></span> <span class='ocrx_word' id='word_1_206' title='bbox 839 2073 1065 2126; x_wconf 69' lang='lat' dir='ltr'><strong>porrigere,</strong></span> <span class='ocrx_word' id='word_1_207' title='bbox 1116 2084 1191 2124; x_wconf 92' lang='lat' dir='ltr'><strong>per</strong></span> <span class='ocrx_word' id='word_1_208' title='bbox 1230 2083 1351 2124; x_wconf 89' lang='lat' dir='ltr'><strong>quem</strong></span> <span class='ocrx_word' id='word_1_209' title='bbox 1392 2083 1530 2124; x_wconf 91' lang='lat' dir='ltr'><strong>saepe-</strong></span> 
     </span>
     <span class='ocr_line' id='line_1_31' title="bbox 149 2128 1533 2184; baseline 0.004 -18"><span class='ocrx_word' id='word_1_210' title='bbox 149 2139 316 2167; x_wconf 86' lang='lat' dir='ltr'><strong>numero</strong></span> <span class='ocrx_word' id='word_1_211' title='bbox 356 2128 568 2169; x_wconf 87' lang='lat' dir='ltr'><strong>absentum</strong></span> <span class='ocrx_word' id='word_1_212' title='bbox 606 2130 812 2170; x_wconf 87' lang='lat' dir='ltr'><strong>dumtaxat</strong></span> <span class='ocrx_word' id='word_1_213' title='bbox 850 2132 1128 2172; x_wconf 90' lang='lat' dir='ltr'><strong>institutorum</strong></span> <span class='ocrx_word' id='word_1_214' title='bbox 1160 2136 1296 2172; x_wconf 90' lang='lat' dir='ltr'><strong>tantus</strong></span> <span class='ocrx_word' id='word_1_215' title='bbox 1330 2131 1533 2184; x_wconf 83' lang='lat' dir='ltr'><strong>colligitur</strong></span> 
     </span>
     <span class='ocr_line' id='line_1_32' title="bbox 95 2188 1530 2243; baseline 0.002 -15"><span class='ocrx_word' id='word_1_216' title='bbox 95 2202 132 2228; x_wconf 87' lang='lat'><strong>30</strong></span> <span class='ocrx_word' id='word_1_217' title='bbox 151 2188 333 2242; x_wconf 81' lang='lat' dir='ltr'><strong>affectus,</strong></span> <span class='ocrx_word' id='word_1_218' title='bbox 385 2194 557 2241; x_wconf 89' lang='lat' dir='ltr'><strong>quantus</strong></span> <span class='ocrx_word' id='word_1_219' title='bbox 602 2202 677 2230; x_wconf 92' lang='lat' dir='ltr'><strong>nec</strong></span> <span class='ocrx_word' id='word_1_220' title='bbox 721 2196 1008 2243; x_wconf 85' lang='lat' dir='ltr'><strong>praesentanea</strong></span> <span class='ocrx_word' id='word_1_221' title='bbox 1051 2192 1264 2232; x_wconf 89' lang='lat' dir='ltr'><strong>sedulitate</strong></span> <span class='ocrx_word' id='word_1_222' title='bbox 1307 2192 1530 2233; x_wconf 85' lang='lat' dir='ltr'><strong>conficitur.</strong></span> 
     </span>
     <span class='ocr_line' id='line_1_33' title="bbox 151 2249 1530 2304; baseline 0.004 -18"><span class='ocrx_word' id='word_1_223' title='bbox 151 2249 285 2302; x_wconf 85' lang='lat' dir='ltr'><strong>igitur,</strong></span> <span class='ocrx_word' id='word_1_224' title='bbox 318 2250 353 2288; x_wconf 92' lang='lat' dir='ltr'><strong>si</strong></span> <span class='ocrx_word' id='word_1_225' title='bbox 385 2250 439 2288; x_wconf 87' lang='lat' dir='ltr'><strong>ita</strong></span> <span class='ocrx_word' id='word_1_226' title='bbox 472 2256 545 2304; x_wconf 90' lang='lat' dir='ltr'><strong>cst,</strong></span> <span class='ocrx_word' id='word_1_227' title='bbox 571 2250 767 2291; x_wconf 88' lang='lat' dir='ltr'><strong>desistant</strong></span> <span class='ocrx_word' id='word_1_228' title='bbox 795 2250 1032 2292; x_wconf 86' lang='lat' dir='ltr'><strong>calumniari</strong></span> <span class='ocrx_word' id='word_1_229' title='bbox 1065 2254 1292 2293; x_wconf 88' lang='lat' dir='ltr'><strong>communis</strong></span> <span class='ocrx_word' id='word_1_230' title='bbox 1325 2252 1530 2293; x_wconf 80' lang='lat' dir='ltr'><strong>absentiae</strong></span> 
     </span>
    </p>
   </div>
   <div class='ocr_carea' id='block_1_5' title="bbox 152 2376 1532 2474">
    <p class='ocr_par' dir='ltr' id='par_1_7' title="bbox 152 2376 1532 2474">
     <span class='ocr_line' id='line_1_34' title="bbox 250 2376 1532 2428; baseline 0.004 -17"><span class='ocrx_word' id='word_1_231' title='bbox 250 2380 270 2412; x_wconf 83' lang='lat'><strong>7</strong></span> <span class='ocrx_word' id='word_1_232' title='bbox 298 2376 498 2423; x_wconf 81' lang='lat' dir='ltr'><strong>exscripsit</strong></span> <span class='ocrx_word' id='word_1_233' title='bbox 524 2379 586 2424; x_wconf 86' lang='lat' dir='ltr'><strong>M,</strong></span> <span class='ocrx_word' id='word_1_234' title='bbox 619 2378 683 2414; x_wconf 82' lang='lat' dir='ltr'><strong>vel</strong></span> <span class='ocrx_word' id='word_1_235' title='bbox 709 2379 897 2424; x_wconf 76' lang='lat' dir='ltr'><strong>expressit</strong></span> <span class='ocrx_word' id='word_1_236' title='bbox 922 2391 948 2417; x_wconf 80' lang='lat' dir='ltr'><strong>s.</strong></span> <span class='ocrx_word' id='word_1_237' title='bbox 977 2382 999 2417; x_wconf 84' lang='lat' dir='ltr'><strong>l.</strong></span> <span class='ocrx_word' id='word_1_238' title='bbox 1027 2382 1114 2418; x_wconf 73' lang='lat' dir='ltr'><strong>add.</strong></span> <span class='ocrx_word' id='word_1_239' title='bbox 1144 2381 1208 2418; x_wconf 86' lang='lat' dir='ltr'><strong>M¹</strong></span> <span class='ocrx_word' id='word_1_240' title='bbox 1244 2383 1256 2428; x_wconf 87' lang='grc' dir='ltr'><strong>ΙΙ</strong></span> <span class='ocrx_word' id='word_1_241' title='bbox 1297 2384 1341 2417; x_wconf 88' lang='grc'><strong>10</strong></span> <span class='ocrx_word' id='word_1_242' title='bbox 1365 2380 1532 2428; x_wconf 78' lang='lat' dir='ltr'><strong>patrem]</strong></span> 
     </span>
     <span class='ocr_line' id='line_1_35' title="bbox 152 2425 885 2474; baseline 0.007 -16"><span class='ocrx_word' id='word_1_243' title='bbox 152 2426 329 2470; x_wconf 80' lang='lat' dir='ltr'><strong>patruum</strong></span> <span class='ocrx_word' id='word_1_244' title='bbox 359 2425 415 2471; x_wconf 75' lang='grc' dir='ltr'><strong>ΟΠ</strong></span> <span class='ocrx_word' id='word_1_245' title='bbox 438 2429 479 2460; x_wconf 77' lang='lat'><strong>12</strong></span> <span class='ocrx_word' id='word_1_246' title='bbox 507 2426 656 2472; x_wconf 76' lang='lat' dir='ltr'><strong>filagrio</strong></span> <span class='ocrx_word' id='word_1_247' title='bbox 685 2427 776 2463; x_wconf 87' lang='lat' dir='ltr'><strong>LM</strong></span> <span class='ocrx_word' id='word_1_248' title='bbox 787 2428 856 2465; x_wconf 79' lang='lat' dir='ltr'><strong>OT</strong></span> <span class='ocrx_word' id='word_1_249' title='bbox 873 2430 885 2474; x_wconf 73' lang='grc' dir='ltr'><strong>Η</strong></span> 
     </span>
    </p>
   </div>
  </div>
 </body>
</html>
