1592 2612
597 129 893 167 PRAEFATIO.
1340 131 1441 168 XLV

48 233 161 274 exitu
190 244 334 273 versus
367 237 408 273 et
433 234 516 273 iam
548 231 730 272 scrihere
761 231 909 272 malim.
943 255 1000 260 —
1034 231 1132 286 VIII,
1159 231 1184 274 7
1218 238 1439 286 praeeunte

50 292 335 347 Luetjohanno
367 297 494 334 totum
526 294 686 347 recepi3
714 305 807 333 nam
838 305 915 333 nec
940 298 1076 334 votum
1101 305 1177 333 nec
1203 306 1347 334 vocum
1374 306 1443 333 ex-

48 353 197 408 plicari
227 357 379 407 potest3
411 358 550 394 vatum
582 358 730 407 autem,
762 353 869 406 quod
897 377 954 382 -
980 355 1119 394 nescio
1153 353 1302 407 quibus
1331 354 1441 394 codi-

51 414 171 456 cibus
196 414 391 455 traditum
416 437 474 442 —
501 413 655 467 aliquot
681 414 880 454 editiones
906 413 1057 454 habent
1083 414 1272 468 quodque
1299 414 1443 455 Gallici

48 476 297 530 interpretes
341 476 402 515 sic
444 480 626 515 vertunt:
671 471 717 515 ‘il
760 475 854 515 n'en
898 476 1053 515 revient
1098 475 1147 515 de
1186 475 1278 529 plus
1316 477 1339 515 a
1376 488 1441 516 ma

51 535 180 590 gleire
221 535 271 576 de
309 531 464 589 poete',
509 535 559 576 oh
598 535 637 576 id
678 537 812 589 ipsum
853 537 989 576 minus
1029 536 1228 589 quadrare
1266 537 1441 590 videtur,

50 596 159 650 quod
190 595 374 650 pluralis,
406 608 488 636 non
521 596 740 650 singularis
766 609 962 637 numerus
987 596 1147 650 legitur.
1176 621 1233 625 —
1259 597 1326 651 IX,
1354 596 1442 638 110

50 660 303 699 esculentam
334 669 417 697 non
447 661 603 698 temere
634 657 875 698 mutandum
907 662 987 711 est,
1025 670 1118 698 cum
1156 657 1246 698 aliis
1279 670 1442 711 quoque

50 717 152 759 locis
183 717 306 759 huius
342 717 531 758 adiectivi
568 718 674 771 apud
707 717 919 759 Sidonium
957 731 1056 759 usus
1098 718 1340 759 insolentior
1378 721 1442 759 sit,

52 778 283 832 Usurpatur
315 780 425 819 enim
457 784 498 819 et
529 779 579 819 de
610 779 844 820 hominibus
869 778 1083 819 voracibus
1110 779 1294 833 cibisque
1320 781 1443 820 nimis

52 839 230 894 refertis,
261 843 307 879 ut
339 851 401 892 ep.
427 839 489 894 IV,
516 839 556 894 7,
582 838 629 894 23
662 853 695 880 c.
721 839 806 894 XII,
832 838 873 894 6,
906 844 947 880 et
972 840 1022 880 de
1048 839 1184 894 rebus,
1216 845 1262 880 ut
1288 852 1349 894 ep.
1377 840 1443 895 m,

54 898 124 954 13,
151 899 178 940 6
217 903 429 941 esculenta
467 903 669 954 ructatio,
709 913 789 954 quo
822 914 871 941 ex
909 913 988 941 usu
1028 905 1115 941 orta
1154 913 1244 941 esse
1282 901 1443 942 videtur

52 962 164 1001 notio
196 960 338 1005 foedae
370 962 613 1011 voracitatis,
647 974 749 1014 quae
782 963 824 1001 in
856 961 965 1002 hunc
997 960 1130 1002 locum
1163 963 1315 1014 optime
1348 975 1443 1002 con-

51 1022 173 1062 venit.
213 1044 271 1049 —
310 1021 366 1061 Ib.
397 1020 483 1064 198
527 1022 748 1062 verisimile
793 1028 857 1062 est
901 1021 1130 1062 oblitterata
1175 1022 1243 1062 illa
1289 1023 1444 1077 lacuna,

55 1094 149 1122 cum
180 1081 339 1122 librarii
369 1081 473 1123 hanc
505 1094 645 1123 vocem
684 1083 733 1123 ad
771 1096 873 1134 quos
906 1083 1161 1123 referendam
1199 1096 1289 1124 esse
1329 1090 1444 1137 puta-

54 1149 159 1198 rent,
190 1145 289 1183 deos
318 1155 394 1196 pro
427 1146 547 1184 deam
579 1145 807 1197 irrepsisse.
836 1167 893 1171 —
923 1143 979 1184 lh.
1008 1141 1097 1186 285
1130 1143 1218 1184 coll.
1246 1157 1278 1185 c.
1305 1144 1445 1197 XXIII,

54 1201 156 1258 207,
188 1203 260 1244 ubi
284 1215 392 1244 unus
418 1204 451 1244 T
475 1207 635 1245 vitreae
660 1204 825 1245 exhibet
851 1201 913 1260 (at
936 1203 1273 1245 Helmstadiensis
1299 1202 1444 1261 vitrei)

49 1269 194 1315 potato
221 1296 231 1304 .
252 1296 260 1304 .
282 1296 292 1304 .
312 1296 322 1305 .
348 1265 613 1317 Hippocrene
651 1267 825 1306 restitui.
894 1265 1063 1306 Videtur
1105 1267 1213 1306 enim
1253 1266 1444 1307 Sidonius

54 1324 131 1365 hoc
156 1336 307 1365 nomen
325 1325 501 1366 naturali
521 1338 670 1379 genere
690 1326 887 1381 neglecto,
921 1339 1012 1367 cum
1032 1325 1174 1367 Latina
1201 1327 1443 1379 significatio

55 1386 144 1426 eius
182 1386 317 1426 animo
357 1385 659 1440 obversaretur,
698 1400 772 1440 pro
810 1386 1036 1428 masculino
1075 1387 1265 1428 hahuisse
1306 1383 1376 1443 (cf.
1410 1402 1443 1428 c.

54 1445 153 1500 XVI,
179 1445 206 1486 2
240 1446 371 1497 fontis
408 1443 582 1503 equini).
646 1447 882 1501 Comparari
918 1453 1055 1501 potest
1092 1448 1213 1488 huius
1252 1450 1445 1489 carminis

54 1520 88 1546 v.
117 1504 188 1561 53,
220 1506 292 1547 ubi
317 1513 456 1548 aetum
483 1508 637 1548 dictum
665 1513 738 1562 est,
771 1521 1015 1562 quamquam
1037 1512 1196 1560 prolem
1224 1510 1444 1563 antecedit3

54 1581 89 1607 v.
115 1566 310 1608 Kuehner
335 1567 353 1607 I
385 1567 412 1619 ξ
438 1565 511 1623 57,
538 1567 594 1609 12
628 1565 685 1624 (p.
716 1565 835 1624 170).
870 1593 920 1598 -—
956 1569 1011 1609 Π).
1040 1568 1130 1610 324
1162 1570 1211 1609 de
1240 1569 1446 1621 fraqrant

55 1641 90 1668 r.
130 1640 192 1681 ep.
231 1627 336 1682 VIII,
377 1627 452 1683 14,
477 1628 516 1669 4.
564 1653 620 1657 —
665 1629 721 1669 lb.
756 1628 843 1671 332
890 1630 939 1669 de
986 1636 1122 1670 tamen
1150 1633 1353 1671 sed
1395 1632 1444 1671 cf.

56 1701 90 1729 c.
116 1687 251 1743 XXIV,
275 1687 366 1730 498
400 1684 457 1745 (si
489 1703 567 1743 qua
598 1691 821 1730 mutatione
854 1692 897 1730 in
928 1690 993 1730 his
1025 1690 1211 1731 versibus
1244 1704 1346 1744 opus
1372 1697 1446 1745 est,

56 1762 91 1789 v.
118 1747 208 1791 336
240 1749 376 1790 malim
410 1753 506 1791 novi
534 1756 602 1791 sat
633 1753 756 1798 bene;
789 1751 861 1791 sed
887 1763 937 1791 ne
964 1751 1040 1790 hoc
1068 1751 1232 1804 quidem
1259 1764 1445 1792 necessa-

56 1811 163 1850 rium
194 1806 387 1866 videtur).
407 1834 468 1839 —
494 1811 695 1852 Carminis
726 1811 781 1851 XI
814 1813 975 1852 initium
1008 1810 1254 1852 obscuritate
1280 1812 1446 1865 plenum

56 1883 148 1911 esse
174 1869 477 1924 Luetjohannus
511 1877 621 1913 recte
653 1877 808 1926 monet3
842 1873 913 1913 sed
947 1872 1055 1912 idem
1087 1877 1254 1926 apparet
1286 1873 1445 1914 duobus

56 1930 157 1972 locis
192 1933 367 1984 graviter
399 1938 636 1986 corruptum
667 1946 768 1973 esse.
831 1933 882 1973 Et
914 1935 956 1973 in
982 1946 1016 1973 V.
1047 1932 1100 1974 11
1131 1933 1294 1986 quidem
1320 1935 1448 1974 miror

57 2003 151 2032 eum
181 1995 433 2043 mirumque,
474 1994 580 2046 quod
620 1995 700 2034 iam
730 1994 891 2047 pridem
924 1993 1185 2034 scribendum
1224 2006 1312 2034 esse
1353 2007 1446 2035 con-

58 2053 254 2106 ieceram‚
298 2066 378 2093 non
420 2056 644 2108 recepisse,
690 2068 782 2095 cum
821 2054 1000 2095 dubitari
1036 2067 1118 2095 non
1157 2056 1303 2108 possit,
1349 2058 1447 2108 quin

58 2125 201 2153 verum
234 2115 297 2154 sit.
360 2113 478 2155 Aliud
510 2120 645 2155 tamen
678 2120 797 2169 atque
830 2116 871 2155 id
904 2117 1034 2155 maius
1067 2115 1260 2156 mendum
1286 2117 1328 2155 in
1358 2129 1392 2156 v,
1420 2115 1449 2157 5

62 2174 181 2227 inest,
211 2173 283 2214 ubi
313 2174 435 2215 verba
467 2181 675 2217 ructatum
710 2178 768 2217 ad
797 2189 933 2218 rauca
967 2177 1148 2216 Maleam
1181 2178 1292 2215 omni
1325 2189 1448 2217 sensu

58 2239 208 2274 carent.
272 2234 349 2275 Cui
381 2236 538 2276 mederi
575 2242 742 2277 conatus
783 2249 891 2291 sum,
931 2249 1026 2277 cum
1064 2238 1240 2289 primum
1278 2237 1446 2290 probata

59 2293 299 2335 Buecheleri
326 2298 527 2337 sententia
559 2309 749 2338 versuum
782 2299 916 2351 quarti
949 2302 989 2337 et
1016 2299 1146 2349 quinti
1173 2297 1356 2338 ordinem
1384 2300 1446 2339 in-

60 2357 177 2409 verti,
210 2355 355 2396 deinde
388 2362 622 2398 ructantem
655 2359 813 2411 scripsi.
873 2359 1054 2399 Maleam
1087 2358 1129 2397 in
1161 2357 1235 2397 hac
1268 2358 1448 2412 descrip-

58 2416 169 2456 tione
214 2417 392 2470 regionis
437 2417 553 2471 plane
605 2418 810 2459 fabulosae
855 2431 929 2472 pro
978 2419 1120 2471 quovis
1164 2422 1448 2471 promunturio
