1592 2612
354 140 586 179 SIDONIUS
613 139 817 178 Rumclo
845 139 940 177 SUO
967 139 1212 177 SALUTEM.
1418 138 1475 181 91

69 242 126 285 ’3.
159 244 210 285 de
242 248 397 298 cetero,
429 255 673 297 quamquam
705 248 746 283 et
771 247 979 284 extremus
1006 247 1225 283 autumnus
1256 243 1336 282 iam
1369 241 1477 282 diem

84 305 242 346 breviat
286 309 327 346 et
370 305 569 345 viatorum
616 303 809 344 sollicitas
856 316 976 344 aures
1027 303 1136 344 foliis
1181 308 1266 343 toto
1310 314 1477 343 nemore

83 365 316 407 labentibus
354 364 520 419 crepulo
558 365 717 418 fragore
756 366 1060 418 circumstrepit
1097 365 1221 418 inque
1255 363 1476 418 castellum,

83 426 135 467 ad
168 426 276 480 quod
307 427 467 480 invitas,
498 430 639 479 utpote
672 425 828 479 Alpinis
855 425 1027 479 rupibus
1053 426 1244 478 cinctum,
1278 424 1352 465 sub
1379 426 1476 465 vici-

84 489 211 528 nitate
236 486 413 528 brumali
438 485 645 527 difficilius
671 487 918 541 escenditur,
944 499 1020 526 nos
1045 491 1182 526 tamen
1209 486 1285 526 deo
1310 487 1474 539 praevio
1513 495 1531 522 5

82 560 159 602 per
188 553 355 589 tuorum
385 548 585 588 montium
616 547 742 588 latera
774 548 1013 601 confragosa
1039 548 1250 587 venientes
1275 558 1353 587 nec
1381 546 1475 587 sub·

82 610 210 649 iectas
242 612 381 649 cautes
407 621 484 649 nec
511 609 762 661 superiectas
789 609 904 648 nives
931 620 1258 662 expavescemus,
1291 608 1474 660 quamvis

82 671 272 723 iugorum
302 669 503 723 profunda
536 668 745 709 declivitas
778 681 924 722 aggere
951 668 1164 709 cocleatim
1196 668 1324 709 fracto
1351 680 1472 721 saepe

81 730 289 771 redeunda
322 731 388 784 sit,
422 731 515 783 quia
548 734 589 770 et
621 731 656 770 si
688 729 798 770 nulla
831 729 1093 783 sollemnitas,
1124 735 1169 770 tu
1201 730 1299 769 satis
1326 728 1473 782 dignus

80 803 145 844 es,
188 795 234 831 ut
272 795 335 831 est
371 790 601 831 Tullianum
638 789 757 844 illud,
800 795 1006 844 propter
1052 802 1191 844 quem
1230 789 1471 843 Thespiae
1493 799 1529 826 10

81 852 319 892 visantur.
370 851 469 892 vale.

716 981 835 1025 XVI.

350 1064 579 1102 SIDONIUS
605 1064 807 1102 RURICIO
835 1064 930 1102 SUO
957 1063 1201 1101 SALUTEM.

174 1140 212 1183 1.
244 1142 394 1196 Accepi
424 1155 499 1196 per
523 1142 786 1183 Paterninum
811 1144 1000 1196 paginam
1029 1148 1217 1197 vestram,
1250 1154 1352 1195 quae
1378 1141 1470 1195 plus

79 1203 212 1244 mellis
239 1216 289 1244 an
317 1203 411 1244 salis
438 1203 583 1243 habeat
608 1204 810 1243 incertum
831 1208 903 1244 est.
936 1207 1119 1244 ceterum
1140 1203 1293 1256 eloquii
1313 1204 1471 1256 copiam

79 1264 185 1305 hanc
215 1265 412 1318 praefert,
450 1264 524 1304 hos
558 1263 639 1304 olet
670 1264 811 1318 flores,
849 1269 894 1304 ut
924 1263 1029 1304 bene
1062 1269 1253 1318 appareat
1284 1276 1366 1304 non
1398 1276 1468 1304 vos
1491 1271 1525 1298 15

78 1325 292 1366 manifesta
330 1324 449 1365 modo
488 1337 629 1365 verum
668 1325 816 1365 furtiva
855 1337 1016 1378 quoque
1049 1324 1223 1366 lectione
1255 1325 1467 1378 proficere.

80 1398 324 1438 quamquam
351 1390 392 1426 et
416 1385 492 1425 hoc
519 1385 672 1425 furtum
699 1385 807 1438 quod
834 1385 1068 1439 deprecaris
1095 1385 1311 1439 exemplati
1340 1385 1468 1426 libelli

80 1459 162 1486 non
187 1447 306 1486 venia
330 1450 415 1486 tam
441 1445 586 1486 debeat
612 1447 816 1499 respicere
844 1459 963 1499 quam
991 1446 1130 1499 gloria.
1177 1447 1273 1500 quid
1293 1451 1339 1487 tu
1359 1448 1468 1486 enim

80 1507 204 1547 facias
230 1505 382 1560 absque
406 1507 568 1560 virtute,
596 1507 665 1559 qui
691 1519 766 1546 nec
793 1508 880 1560 ipsa
906 1512 1071 1560 peccata
1099 1508 1186 1547 sine
1213 1506 1332 1547 laude
1358 1519 1466 1547 com-

79 1565 238 1608 mittis?
288 1566 327 1607 2.
355 1579 428 1619 ego
460 1578 555 1606 vero
589 1566 782 1619 quicquid
814 1568 1050 1620 impositum
1083 1573 1146 1608 est
1171 1567 1325 1608 fraudis
1352 1567 1465 1621 mihi,
1486 1575 1522 1600 2⁰

79 1632 218 1682 utpote
251 1627 421 1681 absenti,
453 1626 584 1667 libens
617 1627 736 1667 audio
765 1627 1060 1681 principalique
1086 1640 1160 1680 pro
1187 1640 1356 1668 munere
1383 1641 1466 1668 am-

77 1688 246 1742 plector,
279 1687 386 1741 quod
413 1686 707 1741 quodammodo
734 1687 926 1729 damnum
952 1688 1143 1728 indemne
1170 1688 1350 1729 toleravi.
1395 1701 1465 1729 ne-

76 1762 155 1803 que
201 1750 310 1789 enim
348 1748 455 1801 quod
495 1753 564 1788 tuo
603 1750 776 1788 accessit
812 1750 928 1803 usui,
973 1749 1149 1789 decessit
1187 1749 1264 1790 hoc
1302 1755 1464 1790 nostrae

75 1811 316 1863 proprietati
348 1813 417 1849 aut
449 1809 497 1849 ad
530 1810 781 1849 incrementa
815 1810 1009 1850 scientiae
1042 1815 1199 1850 vestrae
1233 1822 1308 1863 per
1340 1809 1464 1850 detri—

74 1875 211 1911 menta
242 1871 411 1910 venistis
438 1869 603 1910 alienae.
656 1871 755 1922 quin
780 1871 917 1923 potius
943 1871 1031 1923 ipse
1058 1871 1146 1910 iure
1173 1870 1329 1910 abhinc.
1347 1869 1464 1911 uberi
1484 1876 1519 1903 25

74 1932 291 1984 praeconio
329 1943 411 1970 non
450 1929 625 1983 carebis,
665 1932 736 1983 qui
768 1933 896 1984 magis
930 1933 1047 1983 igneo
1080 1932 1245 1984 ingenio
1278 1936 1463 1971 naturam

74 1991 267 2032 decenter
300 1992 406 2044 ignis
438 1992 619 2031 imitatus
652 2003 715 2045 eS,
757 1991 806 2031 de
841 2005 919 2045 quo
954 1993 989 2031 si
1022 1991 1118 2044 quid
1152 1991 1316 2031 demere
1351 1991 1463 2046 velis,

174 2100 217 2132 10
243 2095 319 2133 Cic.
341 2095 449 2130 Verr.
470 2094 522 2141 11,
543 2098 583 2140 4,
605 2100 644 2141 2,
665 2098 688 2130 4
718 2097 877 2142 propter
910 2106 1023 2141 quem
1049 2095 1241 2142 Thespiae
1274 2095 1461 2133 visuntur.

172 2148 191 2179 1
220 2145 260 2181 et
284 2149 371 2180 ante
406 2144 596 2179 extremus
628 2144 778 2180 seclusit
804 2144 1046 2190 LuetJ'oha‘nn
1078 2146 1090 2191 ΙΙ
1122 2148 1143 2179 5
1171 2143 1390 2180 escenditur
1414 2145 1461 2189 L,

73 2192 296 2229 ascenditur
319 2195 430 2235 (corr.
456 2203 502 2228 επ
535 2191 753 2227 escenditur
777 2192 824 2228 N
826 2193 906 2237 ¹)N
907 2193 956 2228 M
965 2193 1035 2229 OT
1051 2194 1063 2239 ΙΙ
1085 2197 1128 2228 12
1155 2194 1267 2229 inser.
1295 2204 1364 2229 om.
1392 2193 1428 2229 L
1446 2195 1459 2239 ΙΙ

76 2245 121 2277 13
146 2240 366 2287 paternium
398 2240 471 2276 VC
502 2242 515 2285 ΙΙ
555 2244 598 2276 16
619 2244 707 2286 post
740 2251 869 2276 verum
902 2242 968 2289 leq.
997 2241 1115 2278 etiam
1140 2242 1183 2277 in
1211 2241 1246 2276 Τ
1277 2243 1283 2287 Ι
1316 2240 1462 2277 furtiva

74 2300 225 2335 quoque
252 2290 297 2326 N
307 2289 395 2326 VM
400 2289 470 2325 OT
475 2288 522 2333 P,
554 2299 704 2333 quoque
730 2288 875 2325 furtiva
901 2290 990 2325 LF
1022 2292 1035 2336 Η
1073 2293 1118 2324 2-2
1146 2289 1248 2334 quod
1275 2290 1462 2335 quodam—

74 2337 189 2374 modo
209 2339 256 2384 L,
284 2337 350 2383 qui
369 2342 479 2374 (corr.
500 2348 546 2373 ex
566 2336 669 2382 quod
688 2337 735 2373 N
737 2338 763 2382 ¹)
782 2338 1065 2383 quodammodo
1085 2338 1184 2374 ,ΝΜ
1188 2338 1220 2374 G
1226 2339 1261 2373 T
1276 2340 1288 2385 ΙΙ
1307 2341 1354 2374 25
1373 2344 1461 2376 ante

73 2384 157 2432 ipse
182 2387 270 2423 add.
296 2385 329 2421 is
356 2385 598 2431 Luetjohann
660 2389 706 2422 25
733 2385 859 2434 uberi]
886 2386 994 2422 verbi
1023 2386 1146 2433 01126
1172 2386 1320 2423 carebit
1344 2387 1459 2424 Laet-

64 2433 214 2479 johann
231 2437 244 2480 fl
263 2438 308 2470 27
337 2435 398 2470 est
423 2434 662 2479 Duetjohamz
681 2435 693 2479 ΙΙ
