1592 2612
126 91 192 128 XL
671 82 960 123 PRAEFATIO.

130 193 230 233 ferri
262 203 383 244 posse
408 197 523 244 put03
557 191 591 229 si
615 189 763 242 minus,
789 186 940 227 codicis
968 185 996 226 C
1030 186 1197 238 vestigia
1230 188 1394 225 secutus
1420 185 1509 235 qui-

130 255 205 294 bus
233 255 314 292 iam
346 257 386 292 et
417 251 682 291 recensendis
715 243 893 288 scrihere
925 246 1074 287 malim.
1109 269 1165 273 —
1199 244 1255 285 lh.
1283 243 1311 286 2
1337 244 1510 285 fortasse

131 312 391 353 scribendum
423 315 501 350 est:
533 312 746 362 salutatio,
778 310 862 349 nisi
890 309 1097 358 negotium
1130 308 1301 357 aliquod
1331 307 1511 347 activum

133 376 332 425 deportet,
364 373 541 412 materia
572 372 791 411 succincta
825 374 885 409 est
892 383 908 416 ,·
947 368 994 408 cf.
1029 379 1089 420 ep.
1115 366 1177 421 IV,
1203 365 1244 420 3,
1270 364 1297 406 2
1336 378 1437 418 opus
1464 398 1472 406 .
1502 397 1511 406 .

129 435 308 474 materia
341 435 536 472 clausum.
570 453 626 458 ——
659 429 714 469 lh.
747 429 776 470 4
808 434 848 470 et
878 440 1084 479 quaenam
1115 428 1284 481 retinui3
1329 430 1438 467 certe
1472 431 1512 467 et

132 496 223 544 quis
265 505 346 532 non
387 503 478 531 raro
523 492 744 543 invenitur,
782 495 823 530 et
860 491 950 539 quis
988 490 1153 529 tandem
1183 487 1360 528 Hilarius
1393 498 1512 540 saepe

135 558 316 606 usurpat,
346 554 421 592 sed
444 554 644 604 quisnam,
670 553 859 601 quisnam
885 552 1026 600 iqitur,
1053 561 1148 589 nam
1175 550 1376 599 quisnam,
1403 550 1513 598 quis-

137 626 233 655 nam
277 615 383 653 enim
427 611 490 651 vel
534 611 630 651 alibi
674 610 736 650 vel
781 610 885 663 apud
931 609 1141 649 Sidonium
1185 610 1320 662 ipsum
1365 603 1435 664 (cf.
1480 620 1513 648 c.

133 673 206 728 IX,
233 671 340 727 3213
386 685 445 725 ep.
472 671 543 726 IX,
572 670 640 725 11,
667 669 712 723 83
756 670 830 724 IX,
861 669 926 724 12,
953 665 1000 725 2)
1047 674 1275 710 occurrunt.
1338 667 1515 722 Accedit,

134 734 243 787 quod
283 735 341 773 sic
383 735 519 782 quive,
560 743 634 785 pro
680 744 758 783 quo
796 730 877 771 Leo
918 732 1005 770 sine
1044 729 1124 770 ulla
1163 742 1283 770 causa
1325 731 1516 780 inqenive

134 795 337 848 proponit,
369 792 525 833 facilius
559 792 794 832 adnectitur.
823 815 879 819 —
913 790 967 830 Ib.
997 788 1050 832 11
1087 790 1246 841 artifex
1278 802 1371 831 cum
1403 794 1515 830 ante-

139 854 307 895 cedente
340 854 545 893 enuntiato
580 853 823 904 coniungere
855 851 989 892 malui.
1021 875 1067 879 —
1108 850 1164 890 lb.
1194 849 1253 891 16·
1277 850 1327 891 de
1359 855 1515 903 tempo-

133 914 208 955 rali
239 916 278 953 vi
310 914 605 953 coniunctionis
638 915 969 963 quandoquidem
1001 925 1035 951 v.
1063 911 1230 952 Bonnet.
1256 911 1281 951 l.
1302 910 1326 952 l.
1353 924 1391 964 p.
1412 909 1513 952 328.

137 998 194 1003 -—
226 974 292 1027 IX,
321 972 388 1027 11,
413 972 443 1014 4
475 985 642 1024 operam
669 974 846 1026 restitui3
879 986 912 1012 V.
941 985 1002 1025 ep.
1024 972 1066 1026 V,
1091 970 1132 1026 5,
1159 971 1205 1026 43
1238 971 1364 1012 Lucis.
1387 970 1514 1011 Calar.

137 1035 219 1075 ind.
254 1029 404 1089 (Hm-t.)
443 1046 480 1085 p.
514 1031 620 1086 3703
664 1032 861 1073 Roensch.
925 1030 985 1072 Ἵῐ.
1018 1046 1055 1072 u.
1088 1028 1216 1084 Vulg.'
1256 1045 1292 1085 p.
1321 1029 1421 1073 317.
1453 1054 1514 1060 —-

134 1095 191 1136 lh.
225 1093 252 1135 6
284 1094 405 1134 verba
438 1096 505 1134 aio
539 1099 745 1143 tamquam
778 1107 858 1134 non
890 1096 942 1133 sit
970 1125 977 1132 .
1006 1125 1013 1132 .
1042 1125 1050 1132 .
1078 1124 1086 1132 .
1115 1094 1420 1142 arbitraturus,
1468 1094 1515 1142 si,

136 1162 272 1196 tamen
303 1156 415 1205 quod
445 1159 540 1194 ante
567 1166 818 1204 percurras,
856 1156 921 1194 vel
956 1156 1168 1204 exemplar
1207 1155 1419 1204 acceperit
1457 1153 1516 1193 sic

136 1215 326 1255 distincta
357 1226 438 1254 non
471 1213 609 1254 dubito
643 1215 742 1266 quin
774 1218 883 1254 recte
912 1226 954 1253 se
981 1213 1164 1253 habeant.
1210 1213 1373 1254 Dixerat
1405 1214 1514 1254 enim

137 1275 328 1315 Sidonius
370 1273 487 1327 paulo
521 1279 612 1314 ante
644 1273 791 1314 Fausto
825 1275 923 1314 satis
955 1275 1150 1327 temporis
1184 1286 1274 1314 esse
1307 1274 1355 1314 ad
1389 1278 1518 1314 totum

136 1335 286 1387 librum
316 1334 659 1388 transferendum,
699 1336 733 1374 si
772 1336 827 1374 ita
860 1336 898 1374 ei
928 1334 1189 1388 probaretur,
1229 1339 1274 1375 ut
1312 1333 1518 1388 exemplar

135 1395 285 1436 hahere
317 1400 493 1447 cuperet.
528 1394 719 1447 Sequitur
751 1396 966 1435 correctio:
1000 1391 1169 1449 ‘loquor,
1195 1399 1400 1448 tamquam
1431 1407 1514 1435 non

138 1458 273 1508 ipsum
323 1454 471 1494 librum
521 1454 810 1507 holographum
855 1456 941 1508 ipse
993 1460 1154 1509 tenere,
1199 1455 1257 1495 illi
1308 1455 1515 1509 exemplar

136 1517 296 1556 mittere
317 1516 461 1569 possis,
482 1515 696 1555 dummodo
717 1515 757 1555 id
784 1516 870 1568 ipse
897 1513 1127 1568 percurras'
1155 1512 1199 1571 (i.
1222 1529 1255 1556 e.
1282 1511 1514 1572 retractes).

144 1576 294 1616 Tamen
327 1577 439 1625 quod
469 1576 591 1627 igitur
625 1577 683 1615 sic
716 1576 867 1616 dictum
899 1575 1006 1629 volo,
1044 1581 1088 1616 ut
1127 1578 1180 1617 sit
1211 1579 1270 1617 ita
1303 1582 1439 1618 tamen
1471 1582 1519 1617 ut

135 1635 201 1676 vel
234 1648 283 1676 ea
317 1641 451 1676 tamen
478 1638 719 1676 condicione
750 1642 805 1676 ut.
851 1636 959 1684 Quae
988 1638 1022 1676 si
1048 1642 1157 1677 recte
1185 1637 1387 1690 disputata
1413 1642 1520 1691 sunt,

139 1697 371 1736 coniectura
403 1707 484 1735 non
517 1708 616 1747 opus
650 1701 728 1750 est,
762 1698 797 1736 si
824 1698 914 1748 quis
941 1697 1159 1737 crediderit
1185 1703 1322 1739 tamen
1348 1710 1398 1738 ex
1425 1710 1519 1738 con-

142 1757 264 1797 stanti
295 1768 371 1796 usu
404 1755 565 1795 dicendi
598 1768 689 1796 cum
720 1759 758 1797 si
788 1757 1035 1809 iungendum
1075 1770 1163 1798 esse
1205 1758 1350 1812 videri,
1389 1757 1520 1798 facilis

140 1817 338 1857 correctio
381 1815 480 1856 haec
524 1817 721 1856 occurrit:
766 1819 820 1866 si,
865 1820 926 1858 sic
971 1823 1105 1858 tamen
1143 1821 1255 1869 quod
1291 1823 1388 1860 ante
1421 1832 1519 1870 per-

143 1889 296 1918 curras
343 1872 411 1930 (de
454 1877 708 1916 coniunctivo
750 1877 798 1916 cf.
843 1877 979 1917 Alcim.
1023 1877 1124 1918 Avit.
1164 1892 1200 1931 p.
1240 1877 1341 1934 111,
1367 1875 1428 1935 4).
1462 1902 1519 1907 -

140 1936 197 1977 Ih.
220 1934 246 1976 9
275 1939 379 1976 lucis
401 1935 609 1976 secludere
635 1936 757 1990 nolui,
784 1939 876 1990 quia
901 1950 982 1978 non
1008 1938 1135 1992 vide0,
1161 1952 1234 1980 eur
1259 1939 1335 1980 hoc
1362 1952 1522 1994 nomen,

142 1996 250 2050 quod
283 1997 418 2049 ipsum
451 1996 575 2036 solem
609 1997 824 2051 significat,
857 2011 878 2037 a
910 1998 1073 2038 librario
1106 1999 1287 2040 additum
1318 2012 1408 2040 esse
1442 2004 1520 2040 sta-

139 2062 313 2097 tuamus.
348 2079 404 2084 -
438 2055 492 2096 lh.
529 2054 585 2097 10
617 2057 728 2097 locus
761 2059 933 2110 graviter
965 2065 1178 2112 corruptus
1211 2059 1274 2100 vel
1304 2060 1522 2101 lacunosus

143 2116 344 2170 quomodo
378 2116 580 2157 sanandus
614 2118 678 2171 sit,
704 2130 846 2169 parum
873 2124 1044 2172 constat3
1078 2120 1248 2160 fortasse
1281 2125 1372 2173 post
1398 2133 1521 2171 quor-

145 2190 234 2218 sum
267 2177 418 2217 excidit
443 2180 676 2228 pluseulum
699 2173 767 2233 (cf.
790 2191 849 2231 ep.
870 2178 935 2232 III,
956 2178 995 2232 3,
1016 2177 1041 2219 9
1063 2183 1138 2220 sed
1162 2183 1264 2230 quid
1287 2193 1364 2231 eqo
1393 2183 1523 2222 istaec

150 2240 256 2278 iusto
273 2240 506 2289 plusculum
523 2240 696 2288 qarrio,·
723 2252 763 2289 p.
791 2251 912 2288 quam
934 2252 994 2292 ep.
1016 2239 1081 2293 IX,
1101 2238 1142 2294 5,
1159 2236 1216 2296 1).
1239 2263 1295 2268 ——
1316 2240 1382 2295 IX,
1404 2239 1473 2295 12,
1496 2241 1519 2282 1

140 2297 358 2338 lectionem
391 2297 542 2337 codicis
575 2298 603 2338 C
637 2299 818 2350 recipere
851 2298 974 2340 malui
1007 2302 1159 2348 (minus
1191 2303 1283 2351 sed)
1316 2314 1448 2354 neque
1481 2303 1524 2341 in

142 2357 483 2411 subsequentibus
509 2357 643 2398 verbis
671 2360 885 2411 quicquam
916 2362 1066 2400 mutavi
1094 2362 1151 2410 (et
1171 2363 1524 2412 propositionibus
