1592 2612
337 127 567 165 SIDONIUS
592 126 817 164 HERENIO
846 127 940 164 SUO
968 127 1208 165 SALUTEM.
1437 128 1463 171 9

80 242 269 284 aggerem
301 229 483 271 calcabili
515 229 628 270 silice
661 234 884 270 crustatum
911 230 1102 283 crypticis
1135 229 1310 270 arcubus
1340 230 1465 270 forni-

80 292 196 333 cavit.
259 290 391 331 Ticini
423 291 647 331 cursoriam
680 286 760 346 (sic
792 292 950 343 navigio
977 285 1146 346 nomen)
1179 290 1364 344 escendij'
1387 303 1466 344 qua

79 353 123 393 in
166 351 388 392 Eridanum
436 350 551 392 brevi
602 350 758 391 delatus
802 356 981 392 cantatas
1033 363 1152 404 saepe
1198 350 1466 392 comissaliter

79 412 200 454 nobis
224 411 561 458 Phaethontiadas
589 416 629 452 et
655 413 956 452 commenticias
983 411 1144 452 arborei
1170 411 1322 452 metalli
1347 411 1464 453 lacri-

59 486 167 524 ,mas
198 474 283 514 risi.
346 471 387 514 4.
419 472 605 513 ulvosum
636 471 855 513 Lambrum
888 472 1094 513 caerulum
1125 472 1319 527 Adduam,
1356 472 1463 513 velo·
1502 484 1520 511 5

35 583 46 596 .
81 546 170 575 cem
201 533 383 575 Athesim
414 534 577 586 pigrum
603 533 809 587 Mincium,
842 535 912 587 qui
937 533 1155 586 Ligusticis
1181 533 1464 587 Euganeisque

80 594 287 635 montibus
321 593 573 648 oriebantur,
611 594 775 647 paulum
806 607 881 647 per
913 595 1016 634 ostia
1049 594 1215 635 adversa
1248 594 1464 635 subvectus

79 657 122 696 in
162 657 248 696 suis
287 656 409 696 etiam
449 654 676 708 gurgitibus
721 656 898 709 inspexi3
943 667 1114 708 quorum
1152 656 1265 708 ripae
1304 657 1463 708 torique

78 717 232 770 passim
270 717 436 769 quernis
482 717 720 768 acernisque
766 715 1002 756 nemoribus
1043 715 1328 756 vestiebantur.
1398 716 1465 756 hic

79 779 214 818 avium
245 789 440 817 resonans
473 775 589 816 dulce
623 781 856 830 concentus,
889 776 1036 829 quihus
1068 789 1176 817 nunc
1203 778 1246 816 in
1279 778 1465 817 concavis
1485 789 1520 815 ιο

78 837 394 892 harundinibus,
432 849 540 877 nunc
579 849 738 890 quoque
777 838 820 877 in
857 838 989 878 iuncis
1027 836 1319 891 pungentibus,
1357 850 1466 878 nunc

80 903 122 939 et
159 899 203 939 in
242 899 387 951 scirpis
426 896 623 938 enodibus
661 897 851 938 nidorum
889 899 1013 938 struis
1052 899 1241 951 imposita
1278 897 1464 952 nutabat3

82 971 184 1012 quae
218 963 362 999 cuncta
393 957 565 1011 virgulta
598 958 871 998 tumultuatim
905 971 1027 1011 super
1056 960 1235 999 amnicos
1261 960 1466 1012 margines

81 1019 159 1066 soli
189 1018 320 1060 bibuli
361 1031 457 1068 suco
496 1019 577 1059 fota
617 1018 914 1059 fruticaverant.
979 1017 1018 1060 5.
1052 1024 1172 1072 atque
1206 1019 1338 1060 obiter
1370 1019 1464 1059 Cre—

79 1092 243 1120 monam
273 1084 512 1133 praevectus
539 1079 694 1133 adveni,
727 1081 843 1120 cuius
876 1084 938 1120 est
964 1079 1059 1119 olim
1086 1079 1224 1133 Tityro
1250 1079 1465 1120 Mantuano
1487 1092 1521 1120 15

82 1140 491 1194 largum-suspirata
539 1141 789 1193 proximitas.
865 1139 1079 1181 Brixillum
1124 1141 1218 1181 dein
1263 1141 1467 1194 oppidum,

82 1201 179 1242 dum
213 1201 447 1242 succedenti
478 1200 700 1241 Aemiliano
739 1205 883 1241 nautae
917 1201 1077 1242 decedit
1107 1201 1283 1242 Venetus
1316 1214 1467 1255 remex,

79 1266 256 1316 tantum,
299 1266 345 1302 ut
383 1263 606 1316 exiremus,
650 1259 901 1316 intravimus,
945 1261 1175 1302 Ravennam
1216 1262 1336 1315 paulo
1376 1267 1468 1315 post

82 1335 206 1363 cursu
244 1322 472 1362 dexteriore
512 1318 750 1377 subeuntes3
796 1335 876 1375 quo
922 1322 1001 1362 loci
1044 1327 1222 1364 veterem
1264 1324 1467 1363 civitatem

79 1395 309 1436 novumque
360 1387 523 1436 portum
573 1383 704 1423 media
755 1384 819 1423 via
865 1382 1048 1423 Caesaris
1099 1383 1277 1436 ambigas
1327 1389 1466 1424 utrum
1486 1397 1522 1423 20

80 1448 264 1484 conectat
296 1456 346 1483 an
378 1448 548 1496 separet.
611 1445 780 1496 insuper
813 1444 1005 1497 oppidum
1038 1444 1183 1497 duplex
1218 1457 1312 1497 pars
1338 1445 1466 1484 inter-

79 1503 156 1544 luit
174 1503 272 1544 Padi
298 1509 419 1557 certa,
450 1516 544 1556 pars
577 1503 707 1558 alluit,
740 1505 811 1556 qui
843 1503 891 1544 ab
919 1504 1029 1544 alveo
1056 1504 1272 1558 principali
1297 1504 1465 1545 molium

80 1562 334 1618 publicarum
381 1564 609 1616 discerptus
656 1564 817 1604 obiectu
862 1569 902 1604 et
946 1578 1020 1617 per
1066 1565 1229 1606 easdem
1274 1565 1465 1606 derivatis

80 1624 313 1666 tramitibus
345 1624 565 1665 exhaustus
598 1626 657 1665 sic
690 1624 852 1665 dividua
884 1625 1035 1665 fluenta
1060 1628 1248 1679 partitur,
1279 1630 1325 1666 ut
1350 1639 1465 1679 prae-

79 1685 202 1726 beant
241 1684 454 1726 moenibus
497 1685 741 1725 circumfusa
785 1685 1051 1740 praesidium,
1096 1686 1229 1726 infusa
1268 1699 1463 1727 commer-
1485 1700 1520 1727 25

81 1748 199 1787 cium.
257 1744 296 1787 6.
323 1746 389 1786 hic
416 1758 508 1786 cum
533 1750 807 1798 peroportuna
834 1750 978 1786 cuncta
1004 1748 1212 1801 mercatui,
1238 1751 1325 1786 tum
1351 1760 1466 1800 prae-

81 1808 198 1860 cipue
233 1806 340 1860 quod
374 1807 463 1847 esui
495 1811 755 1860 competeret,
789 1805 1063 1861 deferebatur3
1102 1808 1183 1847 nisi
1215 1807 1335 1861 quod,
1374 1820 1466 1848 cum

82 1879 171 1908 sese
202 1866 296 1908 hinc
330 1866 479 1907 salsum
512 1868 641 1920 portis
673 1866 840 1920 pelagus
872 1868 1134 1922 impingeret,
1174 1867 1269 1907 hinc
1303 1867 1467 1908 cloacali

178 2036 199 2067 2
228 2030 385 2068 ascendi
413 2034 522 2077 (corr.
549 2034 591 2068 in
618 2032 771 2069 escendi
799 2033 849 2068 M
859 2032 949 2078 ²)M
955 2032 1026 2069 OT
1042 2033 1054 2078 ΙΙ
1075 2035 1096 2067 3
1122 2031 1230 2068 brevi
1257 2043 1324 2069 om.
1352 2032 1405 2077 L,
1437 2044 1464 2070 ε,

81 2081 104 2116 l.
126 2080 212 2117 add.
242 2080 299 2125 Vl
322 2081 500 2116 cantatas
528 2093 556 2116 S.
578 2093 609 2117 c.
628 2080 742 2117 nobis
769 2092 836 2118 om.
857 2092 911 2128 sp.
933 2084 986 2117 28
1013 2081 1082 2117 litt.
1106 2092 1184 2117 vac.
1206 2081 1255 2126 L,
1279 2082 1322 2116 in
1347 2093 1465 2129 mary.

80 2129 167 2166 add.
202 2128 263 2175 Vn
285 2132 328 2164 12
357 2139 405 2164 en
438 2132 507 2175 (sp.
529 2132 550 2165 1
584 2129 654 2166 litt.
686 2131 782 2174 vac.)
816 2129 930 2165 dibus
962 2128 1054 2165 nido
1089 2132 1229 2174 (81212
1265 2129 1335 2166 litt.
1367 2132 1464 2175 vac.)

79 2177 139 2212 uis
165 2175 306 2222 imposi
333 2180 403 2223 (sp.
424 2180 448 2213 8
475 2178 545 2214 litt.
571 2179 667 2223 vac.)
696 2188 794 2223 quae
820 2178 857 2213 L
893 2180 897 2221 Ι
934 2176 1050 2213 struis
1077 2177 1128 2223 N,
1156 2178 1278 2213 strues
1306 2178 1356 2213 M
1362 2178 1434 2214 TO
1459 2178 1462 2226 Ι

79 2225 246 2260 nutabat
271 2225 307 2261 L
343 2230 378 2262 et
417 2229 525 2268 (corr.
558 2227 601 2262 in
638 2226 815 2272 natabat)
842 2227 899 2271 N,
937 2226 1100 2261 natabat
1137 2228 1247 2264 (corr.
1274 2227 1317 2262 in
1353 2228 1465 2262 nuta-

79 2273 149 2309 bat
175 2272 226 2308 M
231 2273 321 2318 ²)M
330 2273 441 2310 VOT
458 2276 469 2320 l}
493 2277 535 2309 16
562 2273 713 2319 largum
738 2275 773 2311 L
800 2279 834 2311 et
857 2278 967 2311 (corr.
994 2275 1037 2310 in
1063 2273 1217 2320 larium)
1242 2274 1294 2320 N,
1327 2274 1465 2311 larium

81 2321 132 2357 M
139 2321 227 2364 0T;
265 2323 313 2367 cf.
353 2322 458 2369 Very.
498 2323 561 2359 ecl.
594 2323 676 2368 IX,
709 2327 763 2360 28
806 2325 818 2369 ΙΙ
864 2327 908 2358 21
944 2322 1100 2368 duplex:
1138 2333 1228 2368 pars
1266 2323 1466 2371 distinquit

80 2370 305 2416 Mommsem
335 2371 399 2407 sed
430 2371 535 2407 certa
560 2372 626 2408 vix
650 2382 784 2408 sanum
816 2373 827 2417 ΙΙ
859 2375 904 2407 22
932 2372 1060 2407 cetera
1090 2371 1131 2406 F
1162 2372 1166 2417 Ι
1195 2376 1282 2417 post
1307 2371 1373 2418 qui
1399 2372 1464 2420 leq.

79 2418 203 2455 vadus
229 2420 272 2455 in
300 2419 362 2465 ΤΗ
383 2422 428 2455 26
457 2430 542 2455 cum
568 2420 647 2456 secl.
675 2419 918 2466 Luetjohann
950 2422 961 2466 ΙΙ
