1592 2612
0 0 231 42 ffwff—
243 5 258 35 z.
360 2 371 7 ·’

332 125 563 164 SIDONIUS
586 123 873 162 AGRICOLAE
899 123 993 161 SUO
1020 123 1264 160 SALUTEM.
1430 123 1489 167 47

102 228 239 270 clam
261 228 524 270 studentibus
552 227 738 269 discendi
767 239 842 281 per
872 227 1036 280 nuptias
1062 227 1318 267 occasionem
1349 226 1490 282 tribui,

102 289 313 331 desidibus
350 290 666 330 excusationem.
730 289 861 341 igitur
893 286 1106 342 incumbe,
1139 299 1275 341 neque
1310 288 1416 342 apud
1448 293 1490 329 te

101 349 343 391 litterariam
368 362 507 391 curam
532 349 651 390 turba
677 349 878 403 depretiet
902 349 1200 403 imperitorum,
1226 350 1321 401 quia
1345 354 1493 390 natura

103 415 381 464 comparatum
413 416 493 465 est,
530 416 577 452 ut
612 411 656 450 in
688 409 877 450 omnibus
909 408 1066 450 artibus
1097 408 1174 450 hoc
1208 411 1262 450 sit
1294 411 1488 451 scientiae

102 473 324 526 pretiosior
353 483 513 527 pompa,
546 484 626 525 quo
658 472 801 511 rarior.
851 470 949 511 vale.
1526 479 1544 507 5

756 624 833 670 XI.

363 708 593 746 SIDONIUS
618 708 828 746 RUSTICO
856 708 949 746 SUO
977 708 1222 745 SALUTEM.

195 785 235 828 1.
268 786 313 827 Si
343 786 461 827 nobis
492 799 566 840 pro
601 788 683 827 situ
716 787 938 840 spatiisque
970 788 1183 840 regionum
1216 787 1488 827 vicinaremur
1565 803 1568 805 ·

102 860 179 889 nec
210 861 233 888 a
266 860 309 888 se
341 849 573 901 praesentia
603 853 743 888 mutua
768 849 871 888 vasti
896 849 1058 888 itineris
1083 847 1379 900 longinquitate
1406 847 1488 887 dis-

102 909 402 962 criminaretur,
432 908 535 948 nihil
567 910 727 962 apicum
758 909 916 949 raritati
947 908 1071 949 licere
1104 909 1148 948 in
1173 913 1339 961 coeptae
1372 908 1487 948 fami-

100 969 288 1010 liaritatis
321 969 453 1010 officia
477 971 759 1023 permitterem
784 981 917 1022 neque
943 970 1023 1009 iam
1044 968 1171 1009 semel
1195 970 1321 1009 missa
1346 969 1487 1009 funda·
1508 977 1544 1004 ιο

100 1034 237 1071 menta
269 1031 462 1070 certantis
495 1031 695 1070 amicitiae
728 1029 901 1070 diversis
932 1030 1133 1070 honorum
1166 1029 1386 1082 generibus
1419 1042 1487 1070 ex·

100 1095 238 1131 truere
288 1103 503 1131 cessarem.
579 1090 652 1131 sed
702 1092 930 1131 animorum
981 1092 1259 1131 coniunctioni
1303 1095 1489 1143 separata

103 1152 264 1205 utrique
296 1150 615 1204 porrectioribus
648 1152 834 1192 terminis
866 1151 1029 1192 obsistit
1058 1151 1265 1205 habitatio,
1296 1150 1487 1204 equidem

102 1211 229 1252 semel
260 1211 457 1253 devinctis
489 1225 633 1266 parum
664 1213 849 1252 nocitura
879 1212 1126 1265 pectoribus.
1178 1210 1218 1252 2.
1250 1212 1322 1252 sed
1351 1217 1487 1252 tamen

102 1285 152 1313 ex
196 1274 284 1326 ipsa
329 1275 604 1314 communium
648 1274 964 1326 municipiorum
1006 1273 1251 1314 discretione
1289 1272 1487 1326 procedit,
1507 1279 1543 1307 15

102 1333 228 1387 quod,
266 1346 360 1374 cum
391 1335 631 1374 amicissimi
662 1335 808 1387 simus,
846 1335 1055 1374 raritatem
1088 1333 1279 1387 colloquii
1311 1333 1361 1373 de
1393 1346 1486 1386 pro—

100 1393 181 1434 lixa
218 1398 419 1435 terrarum
459 1396 742 1435 interiectione
774 1396 1007 1435 venientem
1038 1396 1080 1435 in
1113 1399 1270 1435 reatum
1301 1393 1486 1435 volumus

100 1455 322 1495 transferre
368 1467 643 1509 communem,
685 1468 777 1495 cum
822 1455 870 1494 de
915 1455 1159 1496 naturalium
1204 1467 1343 1495 rerum
1381 1455 1486 1495 diffi-

102 1513 250 1555 cultate
282 1527 358 1555 nec
391 1515 507 1569 culpa
545 1528 620 1556 nos
652 1515 798 1556 debeat
827 1528 991 1556 manere
1024 1529 1101 1556 nec
1132 1517 1260 1556 venia.
1324 1515 1486 1556 domine

102 1575 301 1630 inlustris,
326 1575 488 1628 gerulos
515 1575 743 1617 litterarum
769 1576 819 1616 de
846 1576 1083 1629 disciplinae
1110 1582 1201 1617 tuae
1228 1578 1485 1617 institutione
1506 1585 1541 1611 20

102 1635 295 1676 formatos
322 1641 363 1676 et
387 1649 548 1677 morum
575 1636 736 1677 erilium
763 1636 1049 1677 verecundiam
1068 1638 1346 1690 praeferentes
1368 1650 1485 1690 opor-

101 1702 199 1737 tune
231 1696 389 1751 admisi,
420 1699 623 1750 patienter
654 1697 801 1751 audivi,
834 1703 1112 1750 competenter
1143 1696 1330 1750 explicui.
1387 1697 1485 1738 vale.

743 1851 842 1895 XII.

329 1933 557 1971 SIDONIUS
581 1934 863 1972 AGRICOLAE
892 1934 984 1971 SUO
1012 1934 1258 1972 SALUTEM.

196 2010 233 2052 1.
264 2010 412 2052 Misisti
450 2018 495 2052 tu
534 2013 697 2065 quidem
735 2011 914 2052 lembum
952 2011 1142 2052 mobilem
1184 2012 1358 2052 solidum
1391 2011 1486 2053 lecti

102 2084 291 2125 capacem
316 2073 477 2126 iamque
499 2085 591 2113 cum
611 2072 810 2127 piscibus3
837 2077 922 2113 tum
942 2078 1151 2126 praeterea
1172 2073 1485 2125 gubernatorem
1503 2079 1540 2108 25

101 2131 219 2185 longe
252 2134 448 2187 peritum,
488 2135 664 2186 remiges
697 2135 816 2174 etiam
851 2132 1041 2173 robustos
1074 2133 1383 2188 expeditosque,
1416 2135 1487 2187 qui

103 2192 259 2233 scilicet
302 2206 348 2234 ea
393 2193 606 2247 rapiditate
648 2193 947 2247 praetervolant
990 2195 1120 2233 amnis
1159 2194 1318 2234 adversi
1359 2199 1485 2249 terga,

106 2265 182 2306 qua
210 2253 345 2294 deflui.
398 2254 468 2294 sed
495 2253 610 2295 dabis
636 2256 807 2309 veniam,
840 2254 946 2307 quod
974 2255 1161 2294 invitanti
1186 2254 1261 2294 tibi
1286 2256 1329 2295 in
1353 2256 1485 2309 pisca-

202 2373 224 2406 6
250 2369 426 2407 Rusticio
452 2371 488 2407 L
516 2373 609 2416 (mm
633 2371 689 2417 N)
710 2374 722 2419 ss
742 2375 763 2408 9
789 2370 846 2407 nil
870 2371 902 2408 Ο
916 2373 928 2417 [Ι
949 2374 994 2406 13
1020 2370 1173 2416 utrique
1193 2371 1278 2407 LN
1284 2371 1327 2418 T,
1353 2371 1487 2408 utrim-

103 2428 176 2463 que
194 2418 233 2466 0,
258 2419 438 2465 utrinque
453 2419 505 2455 M
519 2422 531 2467 fl
551 2423 598 2456 28
618 2419 734 2456 deflui
748 2420 837 2466 LT,
858 2419 993 2456 defluit
1013 2421 1044 2467 (t
1063 2431 1091 2456 s.
1107 2420 1130 2456 l.
1151 2420 1238 2458 add.
1251 2419 1296 2458 Ν
1299 2420 1380 2467 l>N
1382 2421 1428 2457 M
1438 2420 1486 2467 G}
