1592 2612
122 113 180 155 74
599 111 747 148 LIBER
774 110 1017 155 QUARTUS.

120 227 268 254 munus
306 215 565 267 potissimum
604 215 712 268 cepi,
756 218 801 254 ut
838 225 950 253 meae
984 213 1086 253 fama
1125 225 1344 267 personae,
1384 225 1531 269 quam¹

121 287 266 327 operae
305 275 480 327 pretium
518 287 600 314 non
639 279 724 314 erat
771 273 968 314 librorum
1008 285 1174 313 suorum
1212 272 1341 314 titulis
1380 272 1504 314 incla-

120 347 299 389 rescere,
340 339 503 375 tuorum
540 334 736 375 beneficio
777 339 1098 387 perpetuaretur.
1163 339 1202 374 at
1235 334 1360 388 quod,
1399 333 1500 375 deus

120 408 275 449 magne,
302 399 577 448 quantumque
605 407 706 448 opus
732 395 831 435 illud
859 400 931 449 est,
964 396 1133 435 materia
1159 394 1342 435 clausum
1368 394 1501 435 decla-

81 468 98 494 5
118 457 293 496 matione
327 457 602 510 conspicuum,
634 457 912 508 propositione
940 455 1193 496 obstructum
1226 455 1498 509 disputatione

116 521 358 570 reseratum,
403 521 443 556 et
484 529 726 569 quamquam
764 521 931 569 propter
974 516 1132 569 hamata
1171 515 1498 569 syllogismorum

115 581 264 629 puncta
296 576 551 630 tribulosum,
583 578 788 616 vernantis
815 582 950 617 tamen
977 576 1127 629 eloquii
1152 576 1251 617 flore
1279 575 1497 618 mollitum!

116 635 154 678 3.
187 649 288 677 nova
314 636 371 677 ibi
397 636 530 691 verba,
564 639 656 690 quia
683 642 850 691 vetusta,
884 637 1111 690 quibusque
1139 637 1321 678 conlatus
1348 639 1496 678 merito

115 699 237 738 etiam
262 699 517 750 antiquarum
555 697 781 737 litterarum
820 697 935 738 stilus
969 699 1265 752 antiquaretur;
1304 698 1493 752 quodque

61 773 95 798 ιο
114 759 350 812 pretiosius,
390 762 473 798 tota
505 757 572 798 illa
604 758 726 798 dictio
761 760 818 798 sic
852 760 1092 798 caesuratim
1126 760 1348 813 succincta,
1387 758 1495 812 quod

113 818 336 872 profluens3
358 831 477 871 quam
491 818 612 858 rebus
630 818 802 871 amplam
823 820 1085 872 strictamque
1108 820 1321 860 sententiis
1342 821 1495 860 sentias

112 879 203 931 plus
242 879 387 919 docere
427 891 546 931 quam
585 879 731 919 dicere.
783 879 959 932 denique
992 884 1032 920 et
1065 880 1285 934 quondam,
1323 893 1398 921 nec
1432 881 1494 921 in-

113 941 234 993 iuria,
273 939 370 979 haec
407 939 641 992 principalis
675 939 859 980 facundia
892 940 1216 995 computabatur,
1255 942 1321 981 cui
1353 942 1494 994 paucis

113 999 238 1040 multa
276 999 479 1039 cohibenti
518 1013 636 1040 curae
676 1000 751 1040 fuit
788 1013 949 1040 causam
987 1003 1122 1054 potius
1162 1001 1331 1054 implere
1372 1013 1494 1054 quam

59 1071 93 1099 15
112 1061 310 1112 paginam.
373 1058 413 1100 4.
447 1065 486 1100 at
523 1072 617 1099 vero
657 1062 699 1099 in
737 1060 852 1100 libris
890 1062 972 1101 tuis
1011 1063 1090 1101 iam
1129 1061 1228 1101 illud
1267 1061 1384 1114 quale
1417 1067 1493 1115 est,

113 1120 220 1172 quod
253 1125 292 1160 et
318 1120 632 1160 teneritudinem
659 1133 901 1174 quamquam
927 1123 1159 1162 continuata
1184 1124 1396 1162 maturitas
1423 1122 1492 1162 ad-

112 1181 235 1220 mittit
272 1182 558 1233 interseritque
597 1183 876 1234 tempestivam
916 1194 1087 1223 censura
1129 1182 1401 1237 dulcedinem,
1446 1187 1494 1223 ut

111 1241 275 1281 lectoris
326 1242 592 1281 intentionem
636 1253 709 1294 per
753 1242 965 1282 eventilata
1011 1243 1317 1296 disciplinarum
1361 1243 1492 1297 philo-

112 1301 275 1354 sophiae
314 1301 493 1341 membra
535 1301 721 1341 lassatam
759 1307 924 1355 repente
964 1303 1214 1356 voluptuosis
1254 1303 1490 1345 excessibus

58 1373 92 1399 20
113 1363 228 1414 quasi
255 1361 494 1414 quibusdam
520 1361 651 1415 pelagi
672 1364 735 1402 sui
761 1363 946 1415 portibus
973 1362 1135 1405 foveat?
1181 1377 1203 1404 o
1230 1364 1334 1405 liber
1353 1365 1490 1405 multi-

110 1422 251 1462 fariam
283 1421 449 1475 pollens,
483 1435 504 1461 o
539 1422 743 1475 eloquium
776 1435 857 1463 non
890 1423 1006 1464 exilis
1039 1425 1111 1465 sed
1138 1424 1297 1465 subtilis
1324 1427 1490 1479 ingenii,

111 1482 217 1534 quod
261 1494 335 1522 nec
377 1495 450 1535 per
492 1485 780 1535 scaturrigines
818 1484 1097 1537 hyperbolicas
1140 1487 1375 1526 intumescit
1412 1499 1489 1527 nec

109 1555 182 1595 per
213 1544 457 1595 tapinomata
483 1543 674 1596 depressa
700 1544 907 1585 tenuatur!
959 1543 998 1586 5.
1026 1546 1074 1586 ad
1101 1546 1177 1586 hoc
1202 1548 1323 1587 unica
1349 1548 1488 1600 singu-

109 1602 283 1655 larisque
318 1603 499 1643 doctrina
532 1609 572 1643 et
603 1605 646 1643 in
678 1604 928 1645 diversarum
954 1618 1091 1647 rerum
1118 1609 1343 1648 assertione
1370 1620 1484 1648 mon-

55 1673 89 1700 25
110 1662 305 1717 strabilis,
344 1665 409 1704 cui
446 1666 570 1704 moris
610 1670 671 1704 est
709 1665 757 1705 de
799 1666 967 1718 singulis
1004 1667 1157 1708 artibus
1191 1680 1284 1708 cum
1317 1668 1487 1721 singulis

109 1723 331 1763 artificibus
375 1724 667 1778 philosophari,
710 1738 911 1780 quaeque,
960 1729 995 1767 si
1033 1727 1116 1768 fors
1157 1730 1299 1782 exigit,
1344 1733 1485 1769 tenere

108 1795 189 1823 non
215 1783 354 1824 abnuit
380 1797 473 1824 cum
498 1784 658 1837 Orpheo
685 1785 883 1838 plectrum
910 1800 1002 1827 cum
1022 1787 1259 1842 Aesculapio
1285 1788 1487 1844 baculum,

109 1856 201 1884 cum
232 1844 469 1884 Archimede
509 1845 667 1885 radium
706 1858 797 1886 cum
829 1846 1033 1900 Euphrate
1065 1849 1354 1904 horoscopum,
1393 1862 1487 1890 cum

107 1903 274 1944 Perdice
319 1906 516 1944 circinum
560 1918 652 1945 cum
696 1905 875 1946 Vitruvio
920 1909 1256 1961 perpendiculum
1300 1923 1488 1963 quaeque

52 1973 88 2000 30
107 1976 326 2016 numquam
358 1966 600 2017 investigare
626 1966 829 2007 destiterit
855 1980 947 2007 cum
974 1969 1138 2010 Thalete
1164 1974 1359 2025 tempora,
1392 1983 1484 2012 cum

105 2023 262 2064 Atlante
290 2024 434 2078 sidera,
461 2038 553 2065 cum
574 2025 668 2065 Zeto
694 2027 886 2082 pondera,
913 2041 1006 2069 cum
1026 2029 1251 2083 Chrysippo
1277 2043 1483 2086 numeros,

102 2097 196 2124 cum
234 2084 399 2125 Euclide
439 2098 662 2126 mensuras,
727 2086 765 2128 6.
806 2088 854 2127 ad
894 2094 1119 2130 extremum
1164 2103 1282 2131 nemo
1322 2091 1483 2132 saeculo

106 2157 195 2184 meo
229 2157 331 2197 quae
373 2145 494 2185 voluit
527 2146 727 2187 affirmare
761 2149 818 2187 sic
851 2148 990 2203 valuit3
1031 2151 1231 2203 siquidem
1263 2151 1358 2192 dum
1392 2164 1482 2193 sese

206 2252 249 2284 15
276 2249 335 2284 est
359 2260 426 2286 om.
447 2250 483 2285 L
514 2251 526 2294 ΙΙ
567 2254 610 2286 16
637 2261 830 2296 quaquam
855 2252 909 2297 L,
946 2254 1167 2301 quampiam
1199 2256 1447 2294 Wilamowitz
1469 2256 1484 2305 Η

105 2299 152 2332 20
177 2296 363 2342 portubus
388 2297 506 2334 GPF
518 2299 530 2343 ΙΙ
550 2302 595 2334 26
622 2300 752 2335 tenere
771 2299 961 2346 plectrum
980 2314 1056 2337 non
1076 2303 1212 2339 abnuit
1232 2315 1318 2339 cum
1339 2305 1481 2351 orpheo

104 2343 284 2386 baculum
310 2356 394 2380 cum
421 2346 615 2393 esculapio
638 2346 696 2394 011
716 2350 761 2383 28
788 2348 1040 2395 horoscopum
1060 2351 1096 2386 L
1121 2356 1155 2388 et
1173 2355 1282 2394 (corr.
1303 2354 1346 2389 in
1371 2353 1482 2390 horo·

107 2391 278 2439 scopium
304 2393 437 2439 N1)N‚
464 2394 733 2442 horoscopium
759 2396 809 2432 M
814 2397 848 2431 T
857 2397 887 2433 Ο
901 2398 913 2443 ss
