1592 2612
87 22 110 43 μή,
126 22 142 37 3:
151 23 155 38 ⁸,
167 29 176 42 ⁴,

5 67 7 69 ·
31 60 50 78 »ρ
60 43 106 75 ’θλ
115 43 133 68 ‘3'
151 43 153 45 Ι

296 103 529 144 SIDONIUS
554 104 858 147 APOLLINARI
883 105 977 142 SUO
1005 104 1249 143 SALUTEM.
1384 105 1471 150 109

77 210 281 251 sermonis
317 213 359 249 te
398 207 630 248 Germanici
668 208 854 248 notitiam
892 212 1003 248 tanta
1041 207 1233 248 facilitate
1271 209 1470 261 rapuisse.

76 269 120 312 2.
158 270 281 323 atqui·
314 270 533 323 pueritiam
570 273 681 309 tuam
726 272 1007 321 competenter
1045 267 1194 309 scholis
1234 267 1471 309 liberalibus

41 343 46 349 ·
76 331 248 372 memini
290 329 488 371 imbutam
531 334 573 370 et
617 341 911 382 saepenumero
956 330 1106 369 acriter
1149 328 1470 382 eloquenterque

78 391 328 432 declamasse
359 402 497 431 coram
536 394 696 430 oratore
729 391 828 430 satis
858 389 988 430 habeo
1021 395 1286 443 compertum.
1350 394 1470 443 atque

76 453 179 494 haec
219 463 314 493 cum
350 452 408 492 ita
446 452 546 505 sint,
590 450 711 491 velim
750 450 881 504 dicaS,
924 450 1032 491 unde
1072 451 1207 491 subito
1245 450 1470 491 hauserunt
1508 460 1525 487 5

77 517 244 567 pectora
275 516 345 553 tua
376 511 621 565 euphoniam
653 512 786 564 gentis
818 510 985 566 alienae,
1017 516 1063 552 ut
1094 511 1214 552 modo
1246 511 1348 552 mihi
1378 516 1473 564 post

78 573 230 614 ferulas
274 572 463 614 lectionis
500 571 756 613 Maronianae
800 577 974 625 postque
1019 572 1257 613 desudatam
1298 573 1473 613 varicosi

77 634 285 688 Arpinatis
336 633 584 687 opulentiam
632 633 998 686 loquacitatemque
1050 634 1167 686 quasi
1217 633 1267 673 de
1318 632 1471 674 harilao

78 700 216 735 vetere
242 706 371 735 novus
398 693 500 735 falco
520 691 793 747 prorumpas?
844 693 883 736 3.
910 695 1118 734 aestimari
1137 695 1304 734 minime
1324 698 1471 747 potest,

79 760 230 809 quanto
261 755 363 795 mihi
394 756 623 808 ceterisque
656 756 709 795 sit
740 755 861 808 risui,
894 756 1082 808 quotiens
1113 755 1252 808 audin,
1291 754 1399 808 quod
1430 759 1470 794 te
1492 764 1527 790 ιο

79 820 295 870 praesente
327 815 518 856 formidet
549 815 709 868 linguae
743 828 839 856 suae
872 816 1006 856 facere
1038 815 1236 856 barbarus
1267 814 1470 856 barbaris-

78 889 202 917 mum.
265 876 454 929 adstupet
490 876 568 916 tihi
599 875 794 929 epistulas
833 877 1121 930 interpretanti
1151 889 1274 917 curva
1305 875 1471 916 Germa-

79 949 227 978 norum
257 942 448 978 senectus
480 942 522 977 et
552 938 727 990 negotiis
765 938 917 977 mutuis
955 937 1154 978 arbitrum
1191 942 1231 977 te
1270 937 1470 990 discepta-
1543 952 1548 957 ·

80 1002 293 1051 toremque
327 998 514 1038 desumit.
571 1009 701 1038 novus
725 997 1062 1050 Burgundionum
1088 997 1212 1038 Solon
1244 999 1286 1037 in
1311 997 1470 1050 legibus

78 1057 347 1112 disserendis,
383 1071 514 1099 novus
544 1058 746 1112 Amphion
778 1060 820 1098 in
853 1058 1039 1113 citharis,
1078 1058 1149 1099 sed
1181 1057 1471 1111 trichordihus,
1491 1067 1527 1094 15

78 1119 355 1173 temperandis
375 1121 524 1159 amaris
544 1119 828 1173 frequentaris,
861 1121 1064 1172 expeteris
1091 1118 1281 1173 oblectas,
1307 1118 1471 1172 eligeris

79 1179 299 1234 adhiberis,
331 1179 519 1220 decernis
551 1180 716 1220 audiris.
781 1184 821 1220 et
853 1192 1097 1233 quamquam
1128 1192 1255 1233 aeque
1289 1180 1470 1232 corpori-

79 1239 157 1281 bus
189 1253 235 1281 ac
268 1253 392 1281 sensu
424 1240 545 1294 rigidi
571 1241 655 1280 sint
679 1240 1004 1295 indolatilesque,
1037 1240 1337 1294 amplectuntur
1362 1241 1405 1280 in
1431 1245 1470 1280 te

79 1302 234 1354 pariter
260 1306 300 1342 et
325 1301 490 1341 discunt
515 1313 746 1341 sermonem
771 1302 961 1355 patrium,
994 1313 1065 1342 cor
1086 1301 1287 1342 Latinum.
1338 1299 1379 1341 4.
1407 1313 1470 1340 re-

80 1365 160 1402 stat
189 1361 266 1402 hoc
298 1374 437 1415 unum,
467 1363 531 1402 vir
562 1362 819 1417 facetissime,
850 1366 896 1402 ut
920 1361 1046 1402 nihilo
1074 1363 1252 1416 segnius,
1285 1361 1347 1401 vel
1372 1374 1467 1401 cum
1489 1372 1525 1398 20

78 1421 248 1476 vacabit,
279 1421 430 1475 aliquid
462 1422 628 1463 lectioni
660 1424 796 1475 operis
828 1423 1039 1476 impendas
1069 1422 1354 1475 custodiasque
1381 1422 1470 1476 hoc,

78 1487 201 1536 prout
220 1494 264 1523 es
284 1482 622 1536 elegantissimus,
654 1487 1032 1538 temperamentum,
1058 1488 1103 1524 ut
1128 1485 1205 1523 ista
1230 1482 1306 1523 tibi
1333 1482 1469 1536 lingua

78 1547 276 1597 teneatur,
308 1555 360 1583 ne
392 1543 577 1597 ridearis,
609 1542 678 1583 illa
709 1548 959 1598 exerceatur,
991 1549 1037 1584 ut
1068 1544 1214 1585 rideas.
1277 1543 1376 1583 vale.

736 1696 812 1741 VI.

298 1779 529 1817 SIDONIUS
554 1780 859 1817 APOLLINARI
885 1780 978 1817 SUO
1005 1780 1249 1817 SALUTEM.

173 1855 211 1898 1.
249 1857 350 1898 Cum
382 1859 560 1911 primum
592 1862 723 1898 aestas
760 1858 938 1899 decessit
970 1863 1161 1899 autumno
1196 1863 1235 1898 et
1267 1858 1466 1898 Arverno·
1488 1869 1522 1895 25

80 1930 173 1958 rum
203 1919 326 1958 timor
357 1919 490 1971 potuit
515 1918 806 1972 aliquantisper
832 1921 988 1959 ratione
1015 1920 1211 1972 temporis
1238 1920 1470 1972 temperari,

79 1977 275 2019 Viennam
311 1980 422 2033 veni,
460 1978 530 2019 ubi
562 1979 865 2034 Thaumastum,
906 1992 1143 2033 germanum
1181 1984 1309 2033 tuum,
1348 1991 1470 2032 quem

80 2051 154 2093 pro
187 2040 275 2080 iure
307 2039 370 2079 vel
409 2041 618 2092 sanguinis
658 2039 720 2080 vel
759 2042 901 2081 aetatis
940 2040 1160 2081 reverenda
1199 2039 1468 2080 familiaritate

180 2159 203 2191 8
227 2155 377 2192 harilao
410 2156 499 2192 LN
504 2157 552 2202 T,
588 2156 649 2192 vel
681 2155 821 2193 hilario
851 2168 880 2194 s.
907 2157 930 2193 l.
958 2158 1045 2194 add.
1075 2157 1136 2202 ΤΞ,
1171 2155 1312 2191 hilario
1339 2156 1427 2194 MC
1452 2158 1465 2203 fl

82 2207 104 2239 9
130 2203 231 2239 falco
258 2207 421 2250 (praeter
439 2203 460 2239 f
481 2205 524 2241 in
548 2216 622 2241 ras.
644 2204 726 2249 Μ’)
737 2205 801 2251 M,
825 2217 905 2242 var.
926 2206 1003 2242 lect.
1031 2218 1056 2241 a
1076 2206 1139 2241 M*
1165 2216 1193 2241 s.
1215 2206 1237 2240 Ζ.
1259 2205 1346 2241 add.
1373 2216 1468 2242 eras.

82 2251 162 2297 Μ’),
197 2252 326 2288 falcho
355 2253 403 2298 T,
442 2253 577 2289 faccho
604 2253 656 2298 L,
696 2253 813 2290 flacco
842 2254 873 2290 G
902 2258 937 2290 et
961 2255 1004 2290 in
1028 2265 1145 2301 marg).
1175 2252 1246 2296 T²‚·
1283 2253 1395 2298 quasi
1421 2252 1469 2289 de

85 2299 243 2346 Syagrio
269 2302 397 2336 vetere
426 2312 546 2337 novus
572 2301 717 2337 Franco
748 2313 975 2348 prorumpas
1004 2302 1152 2339 Golvius
1176 2313 1222 2338 ex
1246 2313 1311 2338 ms.
1340 2301 1469 2338 Claro-

81 2350 317 2386 montanensi
334 2351 347 2396 ΙΙ
365 2353 410 2385 21
439 2360 579 2395 operae
604 2350 847 2396 Imetq'ohann
870 2352 883 2397 u
908 2354 954 2386 23
980 2350 1111 2387 valeas
1138 2350 1262 2396 01128
1287 2361 1340 2387 an
1364 2361 1467 2386 reve-

82 2396 200 2432 rendo
225 2398 283 2435 vel
306 2399 440 2434 melius
465 2398 752 2444 reverendae‘eu
