1592 2612
629 114 922 152 PRAEFATIO.
1413 114 1468 150 IX

87 219 261 262 aliorum
291 217 476 259 codicum
508 216 690 257 subsidio
721 218 931 257 niteretur.
988 215 1128 269 Neque
1161 228 1256 256 vero
1289 216 1467 256 infitian-

88 280 185 321 dum
217 283 281 320 est
309 277 424 319 facile
457 277 547 318 fieri
578 279 776 331 potuisse,
807 282 852 317 ut
877 277 920 316 hi
945 275 1023 316 loci
1049 278 1091 316 in
1118 278 1322 316 communi
1354 275 1463 316 codi-

88 353 183 382 cum
212 344 445 380 nostrorum
477 338 692 391 archetypo
725 339 866 377 omissi
896 342 1035 390 postea
1069 349 1117 377 ex
1143 336 1222 377 alio
1249 337 1466 390 archetypo

91 403 135 442 in
165 405 280 455 parte
311 398 509 439 librorum
540 398 877 439 adscriberentur.

179 461 236 502 Ac
267 459 317 500 de
349 458 613 512 epistularum
644 460 881 498 recensione
913 457 1127 498 hactenus:
1165 459 1207 497 in
1240 459 1465 497 carminum

86 526 203 563 textu
240 519 522 561 constituendo
561 519 729 559 eandem
761 518 845 558 sere
878 530 998 571 quam
1030 517 1331 571 Luetjohannus
1364 519 1469 557 viam

91 588 133 623 et
162 583 361 622 rationem
392 581 601 632 ingressus
634 591 735 619 sum.
798 578 899 618 Nam
937 580 980 618 in
1019 583 1109 618 octo
1142 577 1348 631 prioribus
1381 591 1468 618 car-

89 641 288 695 minibus,
326 653 428 694 quae
466 652 651 680 seorsum
681 639 901 692 prodiisse,
933 644 979 679 ut
1008 638 1282 679 Mommsenus
1314 643 1354 679 et
1385 637 1467 678 Leo

90 702 325 755 admonent,
356 700 542 742 codicum
572 712 734 770 quoque
767 699 1004 739 condicione
1037 699 1249 752 probatur,
1287 698 1469 740 codicem

87 763 127 804 M
159 764 203 803 in
227 773 447 816 permagno
472 762 801 813 gravissimarum
828 759 1148 812 corruptelarum
1173 772 1343 800 numero
1369 771 1470 799 non-

88 822 198 864 nulla
230 835 325 863 vera
355 821 639 875 praebentem,
670 820 915 873 ubicumque
949 820 1080 874 licuit,
1119 825 1283 860 secutus
1315 824 1470 860 cetero-

90 885 174 938 qui,
205 882 397 936 quicquid
429 883 532 922 ratio
558 880 762 935 postulare
789 880 1011 934 videbatur,
1043 880 1321 933 recipiendum
1349 881 1471 920 statui

88 945 268 996 itemque
300 944 343 982 in
374 941 543 995 reliquis
575 943 790 995 poematis,
823 941 1024 993 siquidem
1056 940 1193 980 nullus
1220 940 1324 980 liber
1355 952 1470 994 prae-

88 1006 249 1057 cipuam
275 1003 555 1043 auctoritatem
586 1001 725 1055 habet,
764 1001 870 1054 quod
903 1013 1064 1054 quoque
1098 1000 1185 1041 loco
1217 1003 1471 1054 aptissimum

88 1076 182 1105 esse
213 1062 425 1117 putabam,
457 1062 592 1115 selegi.

753 1203 809 1247 H.

184 1305 389 1358 Sequitur,
420 1308 466 1344 ut
498 1303 546 1343 de
580 1303 833 1356 gravioribus
864 1302 978 1356 locis,
1010 1304 1069 1342 eis
1102 1303 1371 1355 potissimum,
1402 1302 1474 1343 ubi

91 1378 113 1406 a
146 1364 424 1418 Luetjohanno
456 1363 672 1417 dissentio,
711 1364 852 1404 ordine
885 1364 1024 1417 paucis
1057 1363 1272 1416 disseram3
1312 1375 1390 1415 qua
1427 1375 1472 1402 re

93 1425 228 1479 simul,
260 1425 367 1478 quod
399 1437 522 1477 supra
551 1426 593 1464 in
619 1426 806 1464 universa
834 1424 1017 1464 codicum
1044 1425 1323 1463 aestimatione
1350 1425 1474 1463 certis

94 1485 336 1539 quibusdam
362 1484 558 1537 exemplis
584 1485 822 1525 confirmare
850 1484 1058 1525 brevitatis
1072 1497 1192 1524 causa
1213 1484 1337 1523 ferme
1357 1496 1473 1536 prae-

93 1547 271 1599 termisi,
313 1550 511 1598 quatenus
550 1544 722 1597 singulis
759 1544 875 1585 libris
907 1545 1027 1585 fidem
1060 1544 1209 1584 habere
1242 1543 1474 1598 debeamus,

90 1608 219 1660 magis
250 1607 512 1659 perspicuum
544 1605 630 1645 fore
662 1617 792 1658 spero.

181 1666 254 1720 Ep.
274 1665 303 1720 1,
332 1664 371 1720 1,
394 1664 416 1706 1
451 1670 497 1706 ut
529 1678 621 1706 cum
648 1665 681 1704 T
709 1667 916 1716 fluxerint
942 1664 1175 1718 scriberem,
1208 1677 1297 1705 cum
1326 1666 1473 1705 ceteris

91 1726 289 1780 exemplis
321 1739 343 1766 a
375 1725 558 1766 Geislero
592 1722 679 1781 (de
711 1725 837 1778 Apoll.
865 1725 946 1765 Sid.
975 1722 1135 1766 studiis'
1165 1738 1202 1778 p.
1232 1721 1309 1781 74)
1343 1725 1474 1765 allatis

92 1792 317 1828 commotus
355 1799 446 1827 sum
484 1791 571 1826 tum
603 1787 820 1839 praecipue
854 1799 915 1839 ep.
942 1785 994 1839 II,
1022 1783 1097 1839 10,
1124 1784 1151 1825 2
1185 1788 1291 1836 petis
1324 1792 1474 1836 antem,

47 1872 57 1888 ς
89 1854 147 1902 ut,
177 1850 217 1888 si
245 1849 322 1898 qui
352 1849 551 1888 versiculi
574 1849 676 1887 mihi
701 1849 918 1897 fluxerint,
947 1854 1164 1897 postquam
1191 1847 1243 1886 ab
1270 1849 1474 1886 alterutro

92 1910 363 1957 discessimus,
395 1909 469 1948 hos
495 1938 504 1947 .
525 1939 534 1947 .
555 1939 564 1947 .
586 1939 595 1947 .
618 1919 919 1958 pernumerem.
947 1929 1004 1934 —
1031 1905 1087 1946 lb.
1115 1905 1142 1946 2
1173 1906 1279 1958 quod
1305 1905 1473 1945 Momm-

92 1980 216 2009 senus
255 1969 486 2022 proposuit,
529 1967 629 2007 mihi
670 1979 830 2020 quoque
870 1968 912 2007 in
952 1972 1127 2007 mentem
1168 1971 1350 2020 venerat,
1395 1967 1474 2006 etsi

91 2027 212 2068 verba
252 2027 370 2068 aliter
410 2027 706 2080 distinguebam
746 2023 923 2082 (scilicet
961 2033 1176 2068 oratorum
1214 2030 1373 2067 simiam
1412 2026 1472 2066 (li-

89 2087 183 2128 velli
220 2083 386 2143 nolim);
430 2088 500 2128 sed
538 2089 619 2128 iam
657 2089 699 2128 in
737 2088 884 2128 tradita
921 2087 1093 2128 lectione
1134 2087 1474 2139 acquiescendum

91 2161 181 2189 esse
227 2149 396 2189 confido.
436 2171 492 2176 —-
538 2148 593 2188 lb.
628 2146 654 2188 3
693 2147 1014 2201 Luetjohannum
1061 2152 1225 2187 secutus
1268 2150 1474 2188 litterulas

90 2209 246 2263 addidi,
288 2210 382 2262 quia
423 2210 634 2248 notissima
673 2208 739 2248 illa
779 2208 932 2261 ellipsis
975 2204 1044 2263 (cs.
1077 2207 1358 2260 Engelbrecht.
1391 2207 1414 2247 l.
1449 2207 1473 2247 l.

91 2282 131 2323 p.
158 2264 219 2324 5),
252 2275 446 2322 quantum
478 2269 666 2321 equidem
698 2269 798 2322 vidi,
837 2280 998 2321 semper
1030 2268 1078 2308 de
1112 2280 1191 2308 una
1223 2267 1356 2321 aliqua
1389 2270 1473 2321 epi-

91 2329 214 2383 stula,
254 2342 336 2370 non
373 2329 423 2369 de
462 2331 612 2369 maiore
652 2342 820 2369 numero
861 2334 929 2370 aut
967 2340 1088 2381 opere
1127 2330 1316 2368 universo
1355 2341 1474 2369 usur-

92 2395 223 2443 patur.
258 2413 314 2418 -—
346 2389 382 2444 1,
409 2388 455 2443 2,
485 2387 508 2429 1
549 2395 645 2430 sunt
685 2395 777 2442 post
814 2387 1101 2430 huiuscemodi
1136 2388 1284 2443 delevi3
1329 2390 1378 2429 cf.
1411 2402 1472 2442 ep.
