1592 2612
592 129 802 167 CARMEN
825 129 961 167 xxm.
1383 127 1472 172 337

305 245 439 287 nuper
469 232 800 287 quadrupedante
833 245 925 273 cum
957 233 1078 272 citato

304 296 389 336 ires
421 293 597 334 Phocida
629 293 862 346 Sestiasque
894 292 1028 347 Baias,

305 354 486 396 illustres
516 353 727 407 titulisque
758 353 1005 407 proeliisque

234 425 282 457 15
307 415 431 457 urbes
461 427 536 469 per
567 414 647 455 duo
678 414 891 455 consulum
922 414 1132 468 trophaea,

307 472 423 532 (nam
453 475 623 516 Martem
654 475 748 516 tulit
778 477 856 515 ista
886 474 1086 515 Iulianum

308 541 350 577 et
379 536 505 577 Bruto
537 535 639 577 duce
665 537 872 576 nauticum
903 535 1102 589 furorem,

310 602 374 638 ast
402 598 503 638 haec
533 597 776 637 Teutonicas
808 601 975 637 cruenta
1006 608 1181 649 pugnas,

307 663 489 699 erectum
520 662 561 698 et
590 657 762 698 Marium
794 657 963 698 cadente
996 652 1200 712 Cimbro),

234 727 285 772 20
310 720 461 760 misisti
490 718 591 758 mihi
621 717 831 771 multiplex
863 730 1024 771 poema,

308 780 490 833 doctum,
521 778 676 832 nobile,
707 779 830 832 forte,
862 778 1089 818 delicatum.

307 841 421 882 ibant
451 840 676 880 hexametri
707 838 991 892 superbientes

309 907 349 942 et
380 901 548 953 vestigia
580 901 739 954 iuncta,
770 899 841 940 sed
874 901 1049 952 minora,

308 974 383 1015 per
414 962 560 1014 quinos
592 961 695 1013 elegi
726 960 852 1014 pedes
883 959 1085 1013 serebant3

234 1030 283 1063 25
309 1023 458 1063 misisti
490 1026 549 1075 et,
580 1021 754 1074 triplicis
784 1026 961 1061 metrum
991 1020 1174 1060 trochaei

310 1082 490 1136 spondeo
522 1083 740 1122 comitante
772 1081 1032 1135 dactyloque,

309 1142 450 1184 dulces
480 1141 857 1196 hendecasyllabos,
891 1147 1087 1194 tuumque

307 1203 454 1244 blando
487 1203 649 1243 faenore
683 1202 854 1243 Sollium
885 1202 1031 1255 ligasti.

308 1275 475 1305 usuram
507 1265 765 1317 petimurque
797 1263 1104 1316 reddimusque3

235 1332 283 1364 30
310 1337 404 1365 nam
436 1324 544 1376 quod
577 1326 755 1364 carmine
788 1336 862 1377 pro
893 1329 964 1364 tuo
997 1322 1196 1376 rependo,

309 1385 386 1425 hoc
418 1386 640 1424 centesima
672 1384 852 1424 laudium
883 1389 1046 1424 tuarum
1078 1388 1151 1423 est.

370 1444 474 1492 Quid
506 1446 683 1498 primum
715 1457 886 1485 venerer
916 1443 1125 1496 colamque
1157 1455 1230 1496 pro
1262 1441 1337 1484 te?

312 1507 355 1546 ni
387 1504 524 1558 fallor,
555 1506 727 1558 patriam
759 1510 996 1558 patremque
1029 1505 1158 1557 iuxta3

311 1567 382 1619 qui
414 1578 656 1618 quamquam
689 1565 768 1605 sihi
797 1559 1004 1605 vindicare
1037 1576 1240 1605 summum

236 1635 284 1667 35
310 1627 440 1679 possit
470 1627 558 1667 iure
591 1625 724 1666 locum
733 1657 745 1680 ‚
776 1631 912 1666 tamen
943 1637 1111 1665 necesse
1144 1628 1207 1664 est

312 1686 420 1727 illam
452 1688 638 1741 vincere,
670 1698 773 1739 quae
808 1687 914 1739 parit
945 1690 1146 1739 parentes.

312 1747 437 1801 salve,
468 1747 602 1788 Narbo
634 1752 779 1800 potens
811 1745 1065 1799 salubritate,

312 1807 412 1848 urbe
446 1813 487 1847 et
517 1820 612 1848 rure
645 1807 766 1848 simul
797 1807 929 1847 bonus
960 1805 1108 1859 videri,

312 1869 461 1921 muris,
493 1867 666 1922 civibus,
698 1867 871 1921 ambitu,
902 1866 1101 1920 tabernis,

239 1936 287 1969 40
313 1930 461 1982 portis,
492 1928 735 1982 porticibus,
766 1929 872 1982 foro,
903 1927 1079 1981 theatro,

313 1988 511 2042 delubris,
543 1988 744 2042 capitoliis
752 2021 764 2042 ‚
795 1989 969 2029 monetis
976 2019 987 2040 ‚

313 2049 500 2103 thermis,
533 2049 726 2103 arcubus,
758 2050 936 2102 horreis,
967 2047 1169 2102 macellis,

312 2111 460 2163 pratis,
492 2109 694 2164 fontibus,
724 2109 893 2163 insulis,
926 2108 1087 2163 salinis,

314 2172 484 2224 stagnis,
516 2170 701 2225 flumine,
733 2182 886 2224 merce,
918 2174 1059 2223 ponte,
1090 2173 1235 2222 pont03

243 2238 290 2270 45
315 2243 422 2270 unus
456 2232 526 2283 qui
557 2243 752 2272 venerere
785 2232 873 2271 iure
906 2230 1020 2270 divos

185 2374 253 2468 ἒβη
265 2370 483 2416 sesciasque
506 2370 639 2418 PTF,
665 2370 877 2417 simiasque
900 2371 944 2417 03
966 2370 1192 2416 Sextiasque
1212 2371 1322 2419 vulqo
1341 2373 1353 2417 ΙΙ
1372 2373 1419 2407 25
1440 2372 1482 2406 et

91 2429 163 2456 om.

169 2485 402 2516 Arommums
422 2488 470 2515 ed.
490 2488 523 2514 M
531 2495 549 2514 o
556 2487 578 2514 h
585 2495 608 2515 r.
1216 2483 1262 2516 22
