1592 2612
643 114 851 152 CARMEN
875 115 922 152 Π.
1287 103 1296 111 “
1389 99 1482 160 239

144 226 191 260 25
217 217 408 260 audacter
439 217 556 258 docto
573 229 725 258 -coram
756 217 917 258 Victore
950 222 1160 271 canentes,

305 283 374 319 aut
404 277 557 318 Phoebi
589 283 657 319 aut
688 283 823 319 vestro
857 279 928 331 qui
961 277 1063 318 solet
1095 290 1164 319 ore
1196 277 1326 333 loqui3

214 340 284 393 qui
316 338 411 379 lieet
441 343 605 379 aeterna
637 340 691 379 sit
721 338 836 379 vohis
870 344 1060 392 quaestor
1092 340 1135 379 in
1166 338 1276 393 aula,
1315 390 1317 394 v

246 393 268 418 ¹*
304 404 514 440 aeternum
545 399 663 440 uobis
696 399 762 440 ille
796 401 990 452 magister
1023 400 1110 439 erit.

212 472 308 514 ergo
341 459 445 501 colat
476 462 610 500 variae
642 465 700 514 te,
732 461 942 513 princeps,
974 459 1106 500 hostia
1138 459 1318 514 linguae3

141 530 188 562 30
304 533 398 561 nam
430 533 531 561 nova
563 520 711 574 templa
742 520 819 561 tihi
850 526 1016 574 pectora
1047 526 1187 561 nostra
1219 521 1331 561 facis.

750 686 806 731 H.

601 769 972 808 PANEGYRICUS2=

271 841 462 901 Auspicio
495 853 536 888 et
566 860 737 889 numero
771 848 923 903 fasces,
954 849 1152 902 Auguste,
1185 848 1388 888 secundos

212 910 323 961 erige
356 914 396 949 et
427 908 624 961 effulgens
656 908 846 949 trabealis
879 909 983 949 mole
1016 908 1168 949 metalli

211 981 361 1009 annum
391 969 546 1022 pande
555 982 703 1010 novum
735 969 877 1010 consul
894 975 1022 1012 vetus
1056 982 1101 1010 ac
1134 971 1221 1009 sine
1254 969 1360 1009 fastu

212 1029 392 1070 scrihere
425 1029 490 1070 bis
522 1030 659 1096 sastis3
686 1043 930 1083 quamquam
962 1030 1186 1070 diademate
1220 1031 1375 1070 crinem

120 1087 126 1095 '
163 1099 184 1131 5
211 1090 422 1143 fastigatus
454 1090 525 1131 eas'
556 1061 799 1144 ume⁸rosque
832 1103 881 1131 ex
913 1103 1026 1131 more
1058 1092 1257 1144 priorum

210 1150 390 1191 includat
421 1150 594 1192 Sarrana
626 1150 822 1206 chlamys,
853 1156 893 1192 te
926 1153 1035 1205 picta
1066 1156 1251 1204 togalum

209 1223 389 1265 purpura
421 1211 512 1265 plus
546 1213 694 1265 capiat,
728 1214 822 1265 quia
854 1225 920 1252 res
953 1217 1014 1252 est
1047 1224 1208 1265 semper
1241 1211 1288 1252 ab
1323 1224 1422 1252 aevo

211 1284 302 1312 rara
334 1266 526 1325 frequens
558 1272 711 1323 consul.
770 1277 893 1326 tuque
926 1285 949 1312 0
982 1274 1049 1313 eui
1080 1272 1234 1327 laurea,
1266 1271 1399 1327 Iane,.

211 1345 343 1373 annua
375 1332 566 1386 debetur,
598 1333 724 1385 religa
755 1337 919 1386 torpore
953 1333 1082 1374 soluto

141 1401 185 1433 10
213 1394 352 1446 quavis
385 1392 526 1433 fronde
559 1406 712 1447 comas,
745 1393 878 1434 subita
909 1406 985 1434 nec
1016 1393 1106 1434 luce
1137 1406 1329 1446 pavescas

210 1454 407 1506 principis
441 1458 510 1494 aut
540 1466 678 1494 rerum
706 1454 845 1494 credas
879 1453 1076 1494 elementa
1108 1455 1273 1494 moveri.

211 1512 269 1553 nil
300 1518 441 1554 natura
473 1518 609 1554 novat:
643 1514 703 1554 sol
735 1514 801 1554 hic
833 1526 993 1567 quoque
1026 1516 1136 1554 venit
1167 1513 1216 1554 ab
1249 1518 1352 1554 ortu.

212 1574 278 1614 hic
311 1579 390 1628 est,
423 1586 446 1613 ο
479 1587 688 1630 proceres,
720 1576 837 1628 petiit
870 1587 990 1628 quem
1021 1574 1191 1615 Romula
1223 1576 1351 1615 virtus

212 1639 252 1675 et
285 1647 405 1688 quem
437 1640 570 1675 vester
602 1647 734 1689 amor3
768 1636 834 1675 cui
867 1647 909 1675 se
943 1648 1018 1675 ceu
1049 1637 1154 1676 victa
1186 1634 1377 1687 procellis

142 1703 185 1736 15
213 1700 331 1748 atque
365 1707 506 1735 carens
540 1700 697 1736 rectore
731 1697 829 1736 ratis
861 1695 1091 1749 respublica
1123 1696 1291 1735 fractam

211 1755 366 1808 intulit,
398 1761 443 1796 ut
475 1756 596 1808 digno
629 1756 774 1797 melius
807 1756 1004 1796 flectenda
1036 1757 1248 1810 magistro,

214 1828 265 1856 ne
297 1821 576 1870 tempestates,
608 1829 659 1856 ue
692 1821 749 1871 te,
781 1818 927 1871 pirata,
960 1818 1132 1857 timeret.

213 1882 253 1916 te
286 1888 407 1930 prece
439 1876 614 1917 ruricola
646 1879 831 1932 expetiit,
863 1882 902 1917 te
936 1877 1097 1922 foedere
1131 1878 1292 1917 iunctus

214 1937 407 1990 adsensu,
439 1942 478 1977 te
513 1943 642 1977 eastra
674 1938 802 1992 tubis,
835 1943 874 1978 te
907 1939 1019 1978 curia
1051 1937 1213 1991 plausu,

143 2006 190 2039 20
216 2002 256 2038 te
289 1999 451 2050 punctis
485 1994 685 2051 scripsere
718 1998 850 2039 tribus
883 1998 1114 2051 collegaque
1148 1999 1259 2037 misit

215 2065 255 2099 te
288 2058 406 2098 nobis
439 2071 689 2111 regnumque
722 2059 1039 2114 tih13suffragia
1071 2063 1130 2099 tot
1162 2063 1274 2112 sunt,

215 2124 363 2171 quanta
396 2118 493 2172 legit
524 2119 710 2160 mundus.
774 2120 920 2172 fateor,
952 2119 1242 2172 trepidavimus
1276 2130 1437 2173 omnes,

215 2192 266 2219 ne
299 2178 418 2220 vellet
451 2178 601 2232 collega
631 2181 723 2233 pius
755 2181 991 2233 permittere
1025 2185 1115 2219 voto

132 2319 136 2323 ’
191 2307 208 2343 Ι
235 2311 280 2344 25
307 2308 463 2350 Victore
490 2308 714 2345 Sirmondus
740 2307 817 2356 Pb]
844 2321 865 2344 *
881 2309 1000 2345 *tore
1028 2308 1098 2354 Pa,
1130 2307 1277 2343 victure
1303 2307 1359 2353 M,
1388 2307 1474 2343 doc·

33 2382 38 2387 .
95 2357 179 2392 tore
207 2356 354 2403 GFTH
374 2361 418 2392 27
447 2356 610 2402 quilibet
635 2357 778 2404 PtMn
796 2357 831 2393 II
859 2361 877 2393 1
907 2356 1072 2393 secundo
1098 2357 1163 2402 ΡΠ
1186 2360 1227 2392 17
1255 2367 1325 2392 nec
1352 2357 1407 2393 bis
1430 2356 1483 2392 M

95 2425 105 2452 2,
131 2408 176 2457 22
205 2405 358 2450 quando
386 2406 438 2441 M
451 2408 463 2452 ΙΙ
