1592 2612
143 160 231 203 216
646 155 794 193 LIBER
818 155 998 192 NONUS.

147 258 213 302 14.
251 261 426 313 primum
463 257 703 298 ineffabilem
749 257 814 297 dei
856 258 982 309 patris
1028 267 1209 296 asserere
1254 267 1346 296 cum
1384 250 1513 296 sancti

145 322 309 374 spiritus
342 321 575 360 aeternitate
609 319 862 370 sapientiam3
900 322 986 356 tum
1024 320 1232 368 praeterea
1263 327 1345 356 non
1377 327 1511 356 caesa-

144 383 245 421 riem
277 391 440 433 pascere
471 391 602 431 neque
639 377 759 430 pallio
799 381 866 417 aut
903 376 1011 416 clava
1047 375 1156 416 velut
1188 375 1419 429 sophisticis
1450 377 1515 416 in-

146 439 324 493 signibus
350 439 516 491 gloriari·
531 443 599 478 aut
617 438 801 478 affectare
829 437 878 476 de
903 438 1076 476 vestium
1102 435 1344 476 discretione
1371 448 1512 489 super-

108 515 126 542 5
144 500 262 554 biam,
293 501 423 539 nitore
454 510 658 551 pompam,
697 497 881 550 squalore
914 497 1143 536 iactantiam
1173 508 1304 549 neque
1341 501 1382 536 te
1414 497 1515 536 satis

143 560 218 600 hoc
250 558 457 612 aemulari,
496 558 601 610 quod
639 571 712 610 per
749 558 951 610 gymnasia
988 558 1204 609 pingantur
1235 556 1510 609 Areopagitica

144 619 206 659 vel
230 624 419 672 prytanea
445 631 564 658 curva
590 619 744 658 cervice
766 617 1015 670 Speusippus
1034 616 1179 657 Aratus
1204 616 1346 671 panda,
1375 616 1511 657 Zenon

144 680 274 719 fronte
312 683 513 719 contracta
549 678 747 731 Epicurus
789 682 878 717 cute
917 677 1108 730 distenta,
1151 676 1349 730 Diogenes
1388 675 1512 717 barba

145 744 323 779 comante
351 739 534 779 Socrates
567 751 679 778 coma
705 737 883 791 cadente,
917 737 1152 777 Aristoteles
1183 737 1347 777 brachio
1374 741 1513 778 exerto

91 815 125 840 10
143 799 386 839 Xenocrates
425 811 541 839 crure
580 798 764 851 collecto,
807 797 1032 838 Heraclitus
1070 797 1181 844 fletu·
1205 797 1332 838 oculis
1365 796 1513 838 clausis

143 859 393 899 Democritus
425 860 510 899 risu
541 858 663 898 labris
696 859 863 912 apertis,
901 857 1148 911 Chrysippus
1180 857 1317 910 digitis
1347 862 1514 910 propter

144 931 405 968 numerorum·
435 919 582 958 indicia
614 920 854 972 constrictis,
885 917 1074 958 Euclides
1106 922 1273 971 propter
1303 929 1512 958 mensura-

144 992 235 1019 rum
267 981 393 1032 spatia
425 978 584 1032 laxatis,
624 978 834 1018 Cleanthes
872 982 1038 1031 propter
1074 983 1290 1031 utrumque
1324 979 1511 1018 corrosis.

146 1037 214 1080 15.
254 1041 351 1091 quin
391 1040 524 1091 potius
566 1040 813 1093 experietur,
858 1040 1028 1091 quisque
1071 1038 1315 1092 conflixerit,
1355 1038 1515 1079 Stoicos

91 1113 126 1140 15
147 1099 314 1152 Cynicos
351 1098 638 1151 Peripateticos
676 1099 977 1138 haeresiarchas
1019 1100 1195 1151 propriis
1237 1099 1377 1152 armis,
1419 1110 1512 1151 pro-

144 1161 244 1212 priis
296 1171 452 1211 quoque
509 1160 669 1199 concuti
722 1159 1064 1199 machinamentis.
1145 1171 1238 1198 nam
1293 1163 1515 1199 sectatores

146 1232 297 1273 eorum,
323 1218 547 1259 Christiano
575 1219 750 1271 dogmati
776 1232 820 1259 ac
847 1220 984 1259 sensui
1012 1220 1047 1258 si
1072 1220 1394 1273 repugnaverint,
1419 1230 1513 1258 mox

144 1284 184 1319 te
213 1281 402 1331 magistro
422 1278 533 1331 ligati
558 1279 782 1318 vernaculis
810 1279 1076 1332 implicaturis
1102 1280 1145 1318 in
1171 1280 1272 1318 retia
1299 1273 1372 1319 sud
1396 1290 1511 1332 prae-

144 1341 287 1391 cipites
307 1338 639 1392 implagabuntur,
671 1338 910 1391 syllogismis
935 1343 1027 1379 tuae
1047 1340 1336 1391 propositionis
1355 1339 1514 1379 uncatis

90 1413 126 1439 20
145 1398 359 1439 volubilem
384 1400 718 1451 tergiversantum
743 1399 919 1451 linguam
939 1398 1249 1453 inhamantibus,
1275 1399 1371 1439 dum
1390 1399 1514 1452 spiris

39 1457 42 1461 ’
146 1460 381 1511 categoricis
413 1458 587 1499 lubricas
627 1461 881 1511 quaestiones
913 1464 957 1500 tu
988 1461 1122 1512 potius
1158 1459 1326 1500 innodas
1360 1460 1513 1499 acrium

144 1531 256 1558 more
288 1518 546 1573 medicorum,
580 1521 648 1572 qui
679 1520 902 1560 remedium
929 1524 1068 1560 contra
1092 1532 1258 1574 venena,
1293 1530 1384 1559 cum
1410 1520 1514 1559 ratio

147 1578 360 1632 compellit,
391 1584 430 1618 et
462 1579 510 1618 de
544 1584 729 1632 serpente
763 1580 990 1620 conficiunt.
1055 1578 1122 1621 16.
1157 1579 1227 1620 sed
1259 1579 1335 1619 hoc
1359 1583 1515 1631 tempo-

146 1638 258 1678 ribus
291 1640 378 1678 istis
406 1638 479 1678 sub
506 1644 597 1679 tuae
623 1644 777 1679 tantum
803 1640 864 1679 vel
885 1639 1220 1693 contemplatione
1241 1640 1514 1680 conscientiae

91 1711 127 1739 25
147 1698 209 1738 vel
233 1700 378 1738 virtute
406 1699 619 1738 doctrinae.
670 1712 761 1739 nam
788 1701 877 1752 quis
904 1700 1061 1753 aequali
1085 1701 1253 1752 vestigia
1278 1704 1346 1739 tua
1371 1711 1515 1752 gressu

147 1763 347 1826 sequatur,
381 1760 444 1798 cui
476 1759 610 1798 datum
643 1764 703 1799 est
736 1759 810 1799 soli
841 1759 951 1812 loqui
981 1760 1126 1800 melius
1159 1772 1279 1812 quam
1310 1759 1516 1813 didiceris,

145 1819 278 1858 vivere
311 1818 453 1858 melius
486 1831 604 1870 quam
636 1817 841 1871 loquaris?
874 1822 1062 1872 quocirca
1093 1821 1237 1860 merito
1263 1824 1303 1859 te
1318 1818 1514 1860 beatissi-

145 1890 256 1917 mum
286 1877 381 1917 boni
413 1890 550 1917 omnes
582 1879 702 1932 idque
735 1892 855 1931 supra
888 1892 1026 1920 omnes
1057 1885 1126 1920 tua
1156 1883 1393 1932 tempestate
1420 1891 1514 1919 con-

147 1937 422 1991 celebrabunt,
460 1939 574 1978 cuius
605 1940 677 1978 ita.
699 1938 815 1979 dictis
855 1941 934 1979 vita
972 1940 1168 1993 factisque
1206 1938 1421 1992 dupliciter
1452 1940 1513 1979 in-

93 2012 129 2038 30
149 1997 304 2052 claruit,
337 2003 392 2051 ut,
425 1998 746 2050 quandoquidem
772 2004 862 2039 tuos
889 2012 1014 2040 annos
1046 2002 1125 2040 iam
1157 2000 1297 2040 dextra
1328 2010 1515 2039 numera-

245 2140 291 2173 30
316 2136 363 2173 cf.
384 2137 550 2174 Iuvenal
572 2138 642 2173 sat.
663 2138 707 2184 X,
728 2142 797 2174 248
810 2151 864 2184 sq.

247 2189 266 2220 7
292 2186 480 2230 prytanea
507 2188 614 2230 (corr.
638 2197 682 2222 ex
706 2188 894 2235 prytanea
913 2187 992 2232 M1)
1002 2188 1100 2233 MP,
1127 2186 1344 2233 pritaneum
1366 2185 1403 2232 G,
1429 2198 1517 2232 pry-

148 2234 304 2268 taneum
329 2232 371 2268 F
403 2234 408 2278 Ι
443 2233 640 2279 zeutippus
674 2245 789 2269 curva
821 2234 966 2270 cervice
996 2235 1027 2271 O
1056 2235 1060 2283 Ι
1096 2234 1329 2282 Speusippus
1361 2234 1518 2279 swam,

148 2279 1047 2385 ἔῗὲἰῗῑῗῗνᾈέἔῑῖἒὲἕέῗοξέεᾶῗὲἷιὲἒῖπ
1064 2285 1076 2376 ’,Ι
1101 2248 1516 2378 ἓχέέῖἶῗὲἰῂἒᾶῗηᾶιῐι

148 2379 195 2413 25
220 2388 353 2423 gressu
377 2376 599 2421 insequatur
624 2379 682 2424 (su
707 2379 749 2414 in
772 2378 845 2423 fine
869 2390 971 2424 vers„
998 2378 1038 2415 in
1063 2380 1105 2415 in
1129 2391 1202 2416 ras.
1229 2379 1315 2416 add.
1337 2378 1520 2424 M²)MP

149 2426 228 2472 1130
253 2435 370 2460 annos
396 2436 462 2462 om.
487 2425 518 2461 G
531 2427 543 2471 ΙΙ
