1592 2612
605 128 815 166 GARMEN
839 128 956 167 XXII.
1385 127 1475 172 335

209 236 454 287 perpetuum
484 233 643 285 pictura
673 232 814 285 micat3
846 243 922 271 nec
953 235 1134 283 tempore
1167 229 1291 283 longo

213 293 436 347 depretiata
466 305 561 333 suas
591 297 759 346 turpant
788 293 994 344 pigmenta
1026 292 1188 344 figuras.

269 353 467 395 Flecteris
498 353 548 394 ad
579 353 753 394 laevam:
785 357 826 393 te
857 353 1040 405 porticus
1066 353 1213 404 accipit
1244 350 1379 404 ampla

113 424 185 458 205
211 414 379 456 directis
410 419 573 455 curvata
604 415 700 468 viis,
731 413 803 454 ubi
833 414 1015 466 margine
1048 424 1204 452 summo

209 475 360 529 pendet
391 479 432 515 et
462 476 603 515 artatis
636 479 715 515 stat
746 486 866 514 saxea
898 473 997 513 silva
1029 473 1240 513 columnis.

210 535 290 577 alta
320 534 564 576 volubilibus
595 540 706 588 patet
737 535 803 575 hic
835 536 993 575 cenatio
1026 533 1168 587 valvis3

212 595 344 637 fusilis
377 597 544 650 euripus
575 601 764 650 propter3
797 594 903 635 cadit
934 594 1042 635 unda
1073 606 1248 647 superne

208 661 302 698 ante
333 656 442 696 rores
472 656 675 710 pendente
707 655 815 709 lacu,
846 667 1069 708 venamque
1103 656 1233 695 secuti

110 725 182 759 210
207 717 363 758 undosa
394 718 606 758 inveniunt
636 721 779 757 nantes
811 716 1002 756 cenacula
1032 717 1178 768 pisces,

206 779 434 819 comminus
466 779 638 831 erigitur
668 777 732 818 vel
763 778 894 830 prima
925 776 988 816 vel
1019 777 1168 816 extima
1199 777 1345 830 turris3

207 851 296 879 mos
328 840 408 879 erit
437 838 505 878 hic
537 838 712 878 dominis
743 837 959 878 hibernum
991 838 1120 890 sigma
1152 836 1297 876 locare.

207 899 329 940 huius
362 900 580 952 conspicuo
612 898 799 939 residens
830 900 874 938 in
906 897 1081 938 culmine
1114 909 1235 949 saepe

207 959 400 1001 dilectum
431 961 583 1000 nostris
615 959 741 999 Musis
773 958 895 999 simul
926 963 1045 1011 atque
1072 957 1238 1010 capellis

110 1029 181 1062 215
207 1021 400 1074 aspiciam
431 1025 632 1074 montem3
663 1019 767 1059 lauri
800 1018 1007 1072 spatiabor
1038 1020 1080 1058 in
1112 1019 1203 1058 istis

206 1080 440 1134 frondibus,
465 1081 531 1121 hic
551 1080 751 1133 trepidam
771 1079 934 1120 credam
952 1079 1053 1119 mihi
1072 1079 1239 1119 credere
1260 1077 1466 1131 Daphnen.

205 1143 287 1182 iam
318 1142 354 1181 si
385 1141 489 1181 rorte
521 1141 670 1194 gradus
702 1142 902 1194 geminam
935 1141 1139 1181 convertis
1171 1139 1220 1179 ad
1253 1138 1420 1192 Arcton,

205 1207 252 1243 ut
282 1203 421 1242 venias
453 1203 496 1242 in
527 1201 676 1255 templa
708 1201 793 1255 dei,
825 1202 896 1254 qui
926 1201 1128 1240 maximus
1159 1199 1226 1239 ille
1260 1204 1340 1253 est,

208 1262 366 1303 deliciis
397 1261 582 1302 redolent
612 1263 762 1302 iunctis
795 1261 989 1314 apotheca
1019 1273 1249 1314 penusque3

109 1332 181 1364 220
206 1322 273 1363 hic
305 1322 457 1363 multus
488 1328 551 1376 tu,
583 1323 727 1376 frater,
759 1324 853 1362 eris.
909 1323 989 1362 iam
1022 1321 1155 1361 divide
1189 1321 1350 1374 sedem,

208 1395 400 1423 cessurus
432 1383 532 1422 mihi
563 1383 672 1423 fonte
704 1395 814 1436 meo,
846 1395 967 1435 quem
999 1387 1136 1422 monte
1169 1381 1362 1422 fluentem

210 1442 371 1483 umbrat
401 1443 641 1483 multicavus
677 1444 853 1496 spatioso
885 1444 1026 1483 circite
1060 1443 1204 1482 fornix.

207 1515 289 1543 non
321 1509 413 1556 eget
443 1503 509 1543 hic
542 1503 671 1557 cultu,
703 1503 814 1543 dedit
844 1503 939 1543 huic
971 1508 1114 1543 natura
1147 1502 1347 1542 decorem.

209 1563 268 1604 nil
299 1564 438 1604 fictum
470 1563 670 1616 placuisse
702 1563 851 1617 placet,
883 1575 964 1603 non
997 1575 1143 1616 pompa
1174 1575 1248 1615 per
1279 1568 1409 1602 artem

111 1632 182 1665 225
208 1623 307 1678 ulla,
339 1623 553 1664 resultanti
583 1636 665 1664 non
692 1629 824 1664 comet
856 1623 1025 1664 malleus
1056 1625 1140 1663 ictu

208 1697 321 1738 saxa,
352 1697 428 1724 nec
461 1697 627 1724 exesum
660 1684 906 1737 supplebunt
937 1696 1141 1724 marmora
1178 1683 1318 1723 tofum.

207 1745 275 1785 hic
310 1745 399 1784 sons
432 1744 624 1785 Castaliae
658 1744 775 1785 nobis
808 1746 894 1785 vice
928 1744 1079 1785 sufficit
1108 1743 1251 1784 undae.

210 1811 345 1846 cetera
378 1805 490 1845 dives
523 1805 643 1859 habe3
675 1805 799 1845 colles
830 1811 898 1846 tua
931 1806 1019 1845 iura
1050 1806 1304 1857 tremiscant;

211 1867 389 1919 captivos
421 1866 487 1906 hic
520 1865 628 1906 solve
661 1871 775 1919 tuos,
807 1871 847 1906 et
878 1878 951 1918 per
983 1867 1075 1918 iuga
1108 1864 1233 1917 Burgi

112 1935 183 1968 230
210 1925 313 1966 laeta
346 1925 546 1966 relaxatae
579 1927 675 1966 fiant
706 1928 839 1966 vineta
871 1923 1064 1966 catenae'.

271 1986 490 2026 Confirmat
516 1999 655 2027 vocem
686 1988 847 2027 iamiam
879 1999 1004 2040 prope
1038 1985 1198 2026 sobrius
1231 1987 1349 2025 istam

209 2046 389 2101 Silenus,
421 2048 653 2100 pariterque
687 2047 801 2087 chori
833 2048 1019 2087 cecinere
1052 2047 1251 2086 faventes:

207 2104 334 2161 ‘Nysa
345 2139 357 2161 ,
389 2106 473 2147 vale
506 2107 686 2161 Bromio,
717 2107 898 2161 Phoebo,
930 2107 1104 2147 Parnase
1136 2106 1330 2146 bivertex.

206 2180 289 2208 non
322 2169 445 2207 istum
476 2167 633 2221 Naxus,
666 2180 746 2208 non
779 2170 901 2208 istum
935 2167 1076 2208 Cirrha
1108 2168 1306 2220 requirat,

110 2236 182 2269 235
210 2228 282 2269 sed
314 2240 428 2280 mage
460 2232 656 2281 perpetuo
689 2228 846 2282 Burgus
878 2228 1074 2282 placitura
1106 2224 1294 2281 petatur?

183 2421 255 2452 204
282 2417 433 2453 laevum
464 2417 616 2464 Τ1233
643 2427 824 2464 parnasse
853 2417 956 2463 GPn
