1592 2612
606 116 815 154 CARAEOEN
838 115 905 156 VI.
1355 117 1444 162 275

185 218 252 260 hic
282 217 359 260 tibi
388 217 523 259 vultus
554 224 658 274 erat3
689 221 802 260 mitis
833 219 901 260 dat
933 220 1047 272 signa
1072 224 1273 261 venustas.

83 287 158 322 600
184 292 335 320 annue:
369 280 429 320 sic
459 281 605 320 vestris
636 281 812 333 respiret
842 280 967 333 Byrsa
999 280 1223 335 trophaeis,

181 342 240 381 sic
269 339 442 381 Parthus
474 344 631 381 certum
662 341 790 393 fugiat
818 340 1063 394 Maurusque
1094 342 1239 381 timore

182 400 298 442 albus
329 405 411 455 eat3
443 402 504 441 sic
536 400 639 441 Susa
669 406 845 442 tremant
875 403 1101 454 positisque
1132 401 1337 454 pharetris

181 466 384 502 exarmata
415 466 531 502 tuum
561 462 826 502 circumstent
860 461 1002 502 Bactra
1033 461 1223 502 tribunal.

713 615 791 660 VI.

142 698 423 735 PRAEFATIO
449 698 755 736 PANEGYRICI
778 698 911 735 DICTI
935 698 1086 735 AVITO
1112 697 1355 737 AUGUSTO.

146 775 328 816 Pallados
360 777 585 816 armisonae
617 777 766 816 festum
798 776 894 816 dum
926 775 1110 816 cantibus
1142 781 1278 816 ortum

236 841 428 889 personat
458 836 659 877 Hismario
691 836 862 877 Thracia
894 841 982 876 vate
1015 835 1170 889 chelys,

145 902 187 937 et
216 896 314 937 dum
344 896 598 950 Mopsopium
629 898 830 950 stipantur
860 909 934 950 per
963 895 1238 937 Marathonem

235 958 306 1010 qui
336 962 531 998 steterant
562 957 674 998 fluvii
705 970 888 1010 quaeque
921 958 1101 997 cucurrit
1131 957 1298 1011 humus,

96 1027 118 1059 5
145 1017 401 1058 dulcisonum
432 1020 613 1070 quatitur
644 1017 792 1058 fidibus
824 1018 919 1058 dum
949 1019 1110 1071 pectine
1142 1030 1340 1072 murmur,

233 1077 306 1118 has
336 1078 551 1131 perhibent
581 1078 721 1119 laudes
752 1078 870 1119 laude
901 1077 1093 1131 probasse
1126 1078 1260 1118 deam:

144 1135 268 1193 ‘diva,
299 1137 485 1192 Gigantei
515 1139 619 1179 fudit
650 1151 770 1191 quam
801 1144 983 1192 tempore
1014 1138 1112 1179 belli

234 1204 411 1240 armatus
442 1204 582 1252 partus
613 1200 765 1240 vertice
797 1199 979 1253 dividuo,

140 1259 264 1313 vquam
294 1272 427 1313 neque
457 1259 630 1300 Deliacis
661 1261 820 1313 peperit
849 1259 1000 1300 Latona
1033 1259 1107 1300 sub
1140 1261 1287 1314 antris,

74 1329 118 1362 10
235 1321 364 1360 fixura
396 1325 599 1360 errantem
631 1320 801 1374 Cyclada
832 1319 1091 1374 pignoribus,

142 1393 220 1421 nec
251 1393 353 1433 quae
386 1379 572 1421 Cadmeis
604 1382 767 1434 pariens
798 1380 966 1421 Alciden
997 1382 1040 1420 in
1073 1382 1156 1421 oris

235 1440 449 1493 suspendit
478 1440 631 1494 triplici
662 1445 780 1481 nocte
811 1442 1094 1495 puerperium,

142 1513 218 1541 nec
249 1502 365 1541 cuius
396 1500 531 1554 pluvio
562 1503 688 1541 turris
719 1501 940 1541 madefacta
971 1501 1132 1542 metallo
1163 1506 1244 1555 est,

234 1574 327 1601 cum
357 1566 528 1602 matrem
560 1561 748 1614 impleret
778 1561 885 1602 filius
918 1563 1131 1614 aurigena:

69 1630 112 1663 15
140 1621 211 1662 sed
243 1626 302 1675 te,
333 1634 427 1662 cum
459 1622 660 1674 trepidum
691 1626 891 1674 spectaret
921 1621 1064 1674 Flegra
1094 1621 1339 1676 Tonantem,

232 1681 393 1735 impulit
423 1694 635 1723 excussam
659 1683 810 1723 vertice
842 1687 986 1735 ruptus
1018 1695 1138 1736 apex3

138 1754 311 1796 cumque
343 1742 441 1783 deos
473 1742 579 1783 solae
610 1742 819 1783 traherent
849 1744 891 1782 in
923 1742 1076 1795 proelia
1106 1744 1232 1796 vires,

235 1802 449 1843 confusum
481 1802 594 1843 valde
626 1808 667 1843 te
700 1805 789 1843 sine
821 1802 947 1843 robur
978 1808 1081 1843 erat:

146 1863 316 1917 protulit
347 1868 393 1903 ut
423 1875 516 1903 mox
548 1868 588 1903 te
621 1865 794 1918 patrius,
826 1863 1047 1917 Sapientia,
1079 1868 1234 1917 vertex,

68 1932 118 1967 20
235 1928 324 1964 tum
355 1936 469 1976 mage
502 1925 703 1978 vicerunt,
734 1929 774 1964 te
806 1936 899 1964 cum
929 1923 1107 1964 habuere
1139 1924 1215 1964 dei.

144 1989 185 2025 te
216 1989 384 2037 propter
416 1985 558 2038 cessit,
589 1984 775 2024 manibus
808 1989 1038 2025 constructa
1070 1985 1311 2038 tremendis,

231 2046 312 2085 iam
342 2057 468 2097 prope
502 2057 577 2097 per
608 2044 776 2085 rutilum
807 2044 991 2085 machina
1022 2050 1138 2085 tensa
1168 2044 1317 2098 polum.

139 2104 311 2158 Pindus,
344 2103 510 2158 Othrys,
542 2104 690 2145 Pholoe
723 2105 876 2146 dextris
909 2105 1092 2146 cecidere
1125 2104 1359 2159 Gigantum,

234 2165 386 2205 decidit
417 2170 458 2205 et
488 2164 633 2205 Rhoeti
664 2167 743 2205 iam
776 2167 907 2218 gravis
940 2165 1041 2206 Ossa
1074 2178 1205 2206 manu.

75 2233 120 2266 25
150 2227 347 2266 sternitur
377 2225 579 2279 Aegaeon,
610 2225 818 2280 Briareus,
850 2225 1033 2279 Ephialta
1064 2226 1306 2280 Mimasque,

49 2353 199 2449 PT'VI
226 2358 267 2391 11
294 2352 399 2390 horis
425 2353 530 2390 codd.
559 2355 572 2401 fl
601 2357 645 2391 17
672 2354 776 2391 salae
802 2354 900 2400 MP,
928 2354 1027 2390 aliae
1055 2354 1113 2401 0ss
1132 2358 1180 2391 20
1205 2366 1290 2391 cum
1316 2357 1355 2391 te
1383 2355 1435 2391 M

1139 2464 1212 2500 18*
