1592 2612
354 149 584 190 SIDONIUS
610 149 845 189 SERRANO
870 150 966 188 SUO
993 148 1235 187 SALUTEM.
1433 148 1494 193 49

100 256 241 310 bebat3
285 266 408 308 quem
443 259 579 294 tamen
625 259 671 294 tu
714 254 963 307 pertinacius
1009 258 1077 293 aut
1118 251 1332 293 amabilius
1373 265 1495 305 quam

100 319 254 359 rectius
280 317 498 368 veriusque
524 313 808 355 felicissimum
827 313 1018 368 appellas,
1043 318 1212 366 propter
1230 313 1307 354 hoc
1329 315 1494 367 quippe,

100 391 176 420 cur
213 389 288 431 per
319 375 593 429 amplissimos
626 376 796 415 fascium
828 374 968 415 titulos
1007 375 1132 415 fuerit
1163 380 1328 415 evectus
1360 386 1493 427 usque

100 439 152 480 ad
183 438 414 492 imperium.
466 436 538 477 sed
572 437 797 476 sententiae
829 435 902 476 tali
926 447 1149 488 numquam
1175 447 1250 487 ego
1276 436 1494 488 assentior,

102 505 150 542 ut
168 499 396 540 fortunatos
414 502 567 551 putem,
588 498 659 550 qui
679 496 926 550 reipublicae
946 495 1240 550 praecipitibus
1258 508 1303 536 36
1324 495 1495 536 lubricis
1533 504 1552 532 5

102 558 350 602 culminibus
387 559 596 599 insistunt.
660 555 700 598 2.
739 570 833 598 nam
871 557 953 598 dici
991 559 1152 611 nequit,
1192 562 1388 609 quantum
1420 569 1496 610 per

103 622 224 662 horas
262 620 343 660 fert
379 621 421 659 in
460 619 534 659 hac
572 620 653 659 vita
691 620 951 659 miseriarum
983 619 1063 658 vita
1095 617 1276 658 felicium
1308 619 1495 671 istorum,

104 684 141 723 si
178 688 315 722 tamen
353 681 411 720 sic
451 685 546 720 sunt
583 679 892 733 pronuntiandi,
932 680 1003 732 qui
1043 678 1122 718 sibi
1159 678 1236 719 hoc
1267 690 1418 719 nomen
1450 684 1497 718 ut

103 742 214 797 Sylla
258 745 542 795 praesumunt,
586 741 781 780 nimirum
826 741 897 793 qui
942 741 1199 792 supergressi
1243 741 1307 779 ius
1353 739 1494 792 fasque

104 815 319 844 commune
359 813 558 842 summam
581 801 888 841 -heatitudinem
927 802 1161 841 existimant
1194 812 1393 840 summam
1424 812 1496 853 po·
1517 812 1553 837 ιο

105 869 314 917 testatem,
350 862 426 902 hoc
468 863 557 915 ipso
590 863 689 901 satis
722 863 978 915 miseriores,
1017 861 1123 914 quod
1162 873 1306 913 parum
1338 860 1496 901 intelle-

107 930 212 978 gunt
261 924 560 976 inquietissimo
611 935 655 962 se
704 922 914 962 subiacere
959 921 1178 962 famulatui.
1255 933 1349 962 nam
1391 923 1498 961 sicut

107 984 340 1026 hominibus
379 995 515 1037 reges,
554 985 609 1023 ita
647 982 812 1036 regibus
850 983 1087 1023 dominandi
1125 982 1329 1022 desideria
1368 982 1497 1022 domi-

108 1051 269 1087 nantur.
341 1043 380 1086 3.
422 1044 487 1084 hic
534 1045 569 1084 si
613 1045 846 1084 omittamus
891 1043 1219 1084 antecedentium
1263 1044 1497 1096 principum

107 1119 228 1148 casus
264 1105 328 1146 vel
366 1110 616 1159 secutorum,
654 1104 765 1145 solus
803 1105 881 1144 iste
919 1104 1138 1158 peculiaris
1169 1109 1265 1144 tuus
1296 1103 1496 1144 Maximus
1518 1115 1554 1142 15

108 1168 285 1208 maximo
317 1165 435 1206 nobis
467 1165 516 1206 ad
549 1167 627 1206 ista
659 1165 902 1206 documento
934 1166 1085 1218 poterit
1117 1177 1221 1218 esse,
1254 1166 1326 1217 qui
1358 1177 1498 1217 quam-

109 1240 233 1281 quam
276 1229 319 1267 in
364 1239 499 1267 arcem
549 1227 859 1280 praefectoriam
903 1227 1116 1278 patriciam
1161 1225 1497 1278 consularemque

111 1287 341 1342 intrepidus
387 1287 624 1328 ascenderat
668 1299 819 1340 eosque
864 1299 966 1339 quos
1011 1292 1192 1339 gesserat
1237 1287 1498 1339 magistratus

110 1362 188 1390 ceu
220 1348 527 1389 recurrentibus
559 1348 703 1388 orbitis
730 1347 958 1401 inexpletus
985 1349 1211 1401 iteraverat,
1244 1359 1337 1387 cum
1363 1353 1499 1387 tamen

110 1411 223 1450 venit
248 1409 436 1449 omnibus
462 1408 616 1449 viribus
637 1408 686 1448 ad
712 1408 949 1462 principalis
970 1409 1096 1461 apicis
1116 1408 1345 1461 abruptum,
1372 1420 1499 1460 quan·
1519 1421 1555 1448 20

112 1471 206 1510 dam
237 1471 449 1523 potestatis
481 1471 688 1509 inmensae
720 1470 960 1522 vertiginem
994 1469 1068 1509 sub
1096 1480 1243 1508 corona
1271 1467 1501 1521 patiebatur

113 1543 189 1571 nec
217 1529 442 1570 sustinebat
473 1530 661 1570 dominus
688 1542 791 1583 esse,
824 1531 894 1582 qui
921 1542 1002 1569 non
1030 1531 1279 1569 sustinuerat
1306 1541 1395 1569 esse
1422 1528 1499 1569 suh

113 1591 290 1631 domino.
345 1587 387 1630 4.
426 1590 600 1643 denique
646 1591 808 1643 require
853 1591 897 1630 in
936 1590 1167 1643 supradicto
1206 1591 1310 1629 vitae
1348 1590 1499 1642 prioris

113 1653 285 1705 gratiam
316 1652 538 1704 potentiam
570 1650 879 1690 diuturnitatem
918 1662 1021 1703 eque
1054 1650 1214 1690 diverso
1246 1651 1499 1703 principatus

114 1711 235 1766 paulo
267 1711 440 1764 amplius
474 1724 594 1764 quam
624 1711 861 1751 bimenstris
888 1712 1088 1763 originem
1120 1710 1326 1751 turbinem
1358 1711 1499 1750 finem:
1519 1725 1556 1753 25

115 1773 298 1826 profecto
336 1773 519 1812 invenies
557 1771 762 1812 hominem
802 1771 1027 1812 beatiorem
1066 1772 1180 1824 prius
1219 1771 1346 1811 fuisse
1379 1783 1500 1823 quam

114 1833 375 1874 beatissimus
407 1834 697 1873 nominaretur.
746 1834 870 1885 igitur
895 1831 975 1885 ille,
1008 1833 1125 1872 cuius
1150 1833 1331 1871 anterius
1358 1830 1501 1884 epulae

116 1906 265 1948 mores,
295 1895 491 1947 pecuniae
517 1905 700 1947 pompae,
733 1892 890 1933 litterae
924 1893 1066 1947 fasces,
1098 1893 1341 1945 patrimonia
1366 1897 1501 1944 patro-

116 1956 223 1995 cinia
255 1954 471 2007 florebant,
503 1955 619 1994 cuius
651 1955 739 2007 ipsa
771 1955 829 1994 sic
862 1954 1036 2006 denique
1070 1955 1198 2006 spatia
1230 1954 1333 1992 vitae
1367 1957 1502 1992 custo-

117 2014 345 2069 diebantur,
376 2019 421 2055 ut
453 2027 526 2067 per
551 2014 743 2055 horarum
770 2014 965 2068 disposita
992 2013 1224 2067 clepsydras
1251 2012 1501 2065 explicaren-
1520 2028 1559 2055 ao

116 2081 204 2129 tur,
242 2077 278 2116 is
316 2081 571 2128 nuncupatus
604 2075 807 2128 Augustus
846 2088 890 2115 ac
925 2074 1000 2115 sub
1032 2074 1107 2114 hac
1141 2075 1276 2127 specie
1309 2072 1502 2113 Palatinis

117 2135 327 2176 liminibus
366 2135 548 2176 inclusus
586 2141 678 2175 ante
718 2135 1003 2188 crepusculum
1046 2136 1260 2187 ingemuit,
1306 2133 1414 2186 quod
1453 2133 1503 2173 ad

217 2304 262 2336 15
289 2301 506 2336 secutorum
533 2301 642 2344 (corr.
669 2311 715 2337 ex
741 2302 975 2346 sequitorum
998 2300 1071 2345 Ne)
1082 2299 1226 2344 NMT,
1255 2300 1505 2344 sequutorum

120 2348 173 2394 L,
205 2348 495 2384 subsecutorum
522 2348 555 2385 0
586 2349 599 2394 ΙΙ
638 2353 683 2385 16
709 2348 760 2384 ad
791 2350 867 2384 ista
893 2349 980 2385 add.
1006 2360 1034 2384 s.
1062 2349 1085 2384 l.
1114 2347 1194 2393 ΜΞ,
1232 2347 1282 2382 ad
1307 2347 1382 2383 isto
1408 2347 1506 2392 LN,

120 2408 189 2433 om.
218 2396 357 2444 VOTfl
382 2400 429 2432 20
456 2396 521 2444 ad]
550 2396 620 2432 sub
649 2396 704 2442 Gl
726 2396 939 2443 principale
968 2397 999 2433 C
1020 2399 1033 2443 Ιχ
1059 2400 1104 2433 30
1132 2395 1324 2443 disposita
1349 2395 1439 2432 LN
1444 2395 1505 2440 1⁷¹,

121 2444 329 2490 dispositas
356 2445 407 2480 M
411 2445 495 2482 ΘΤ2
515 2447 527 2491 ΙΙ

195 2511 422 2540 APOLLIXARIS
443 2512 489 2539 ed.
509 2512 542 2538 M
550 2519 567 2539 0
575 2511 594 2538 11
603 2519 628 2538 r.
1263 2507 1286 2539 4
