1592 2612
169 86 256 129 224
672 83 819 120 LIBER
843 82 1022 120 NONUS.

168 186 315 227 habere
347 197 427 226 non
457 186 589 238 possis
620 185 915 237 haesitatorem,
941 183 1271 239 suscipelibens,
1303 184 1410 237 quod
1436 189 1537 225 tem-

169 246 334 300 poribus
366 246 534 298 Augusti
564 244 790 298 Maioriani,
832 256 923 284 cum
961 248 1102 296 rogatu
1145 244 1356 285 cuiusdam
1388 244 1536 286 sodalis

171 307 218 346 ad
244 318 382 346 cenam
414 306 736 359 conveniremus,
777 306 820 344 in
851 303 961 351 Petri
992 303 1141 344 librum
1172 305 1355 357 magistri
1387 306 1536 358 epistu-

170 366 297 406 larum
330 365 458 405 subito
491 365 690 417 prolatum
723 364 878 405 subitus
911 364 1046 418 effudi,
1071 365 1173 404 meis
1206 377 1366 418 quoque
1398 370 1538 406 contu-

134 436 151 462 5
170 425 416 479 bernalibus,
461 425 556 465 dum
599 437 670 465 rex
722 425 893 465 convivii
937 425 1043 464 circa
1088 424 1355 465 ordinandum
1404 437 1538 466 moras

169 487 294 525 nectit
334 497 566 539 oxygarum,
609 484 822 537 Domnulo,
874 484 1087 524 Severiano
1133 489 1251 537 atque
1295 478 1538 540 Lampridio,

169 547 278 598 paria
322 544 586 598 pangentibus
638 541 852 601 (iactanter
891 544 967 584 hoc
1011 544 1115 598 dixi,
1166 546 1288 585 immo
1333 541 1538 602 meliora);

171 618 269 657 quos
294 605 470 657 undique
491 604 652 645 urbium
671 606 824 654 ascitos
851 606 1070 657 imperator
1096 606 1139 645 in
1170 617 1292 646 unam
1324 607 1537 660 civitatem,

169 667 356 710 invitator
387 666 428 704 in
459 677 579 705 unam
611 678 750 705 cenam
782 665 883 705 forte
917 669 1182 706 contraxerat.
1245 663 1286 706 5.
1328 665 1369 706 id
1400 678 1536 707 morae

117 736 150 761 10
168 730 339 779 tantum,
384 725 478 765 dum
523 737 668 777 genera
712 729 934 765 metrorum
976 730 1083 765 sorte
1116 727 1324 778 partimur.
1387 726 1538 779 placuit

167 797 336 838 namque
373 798 446 838 pro
491 787 653 825 caritate
693 785 865 839 collegii,
903 785 998 825 licet
1036 785 1222 826 omnibus
1259 786 1399 827 eadem
1438 788 1537 827 scri-

168 845 288 892 bendi
318 847 484 885 materia
516 847 725 899 existeret,
757 858 837 885 non
869 858 948 885 uno
980 850 1116 894 tamen
1142 847 1429 899 epigrammata
1455 848 1551 897 sin-⁴

169 902 351 958 gulorum
377 918 522 957 genere
548 906 733 960 proferri,
764 918 814 946 ne
842 907 1040 958 quispiam
1065 911 1261 962 nostrum,
1293 908 1364 960 qui
1388 908 1535 948 ceteris

170 965 336 1005 dixisset
368 965 523 1019 exilius,
554 966 794 1006 verecundia
819 967 1007 1020 primum,
1032 971 1124 1019 post
1154 966 1410 1007 morderetur
1435 968 1536 1008 invi-

116 1034 151 1061 15
171 1025 244 1065 dia.
296 1027 444 1065 etenim
476 1027 594 1066 citius
634 1027 863 1079 agnoscitur
894 1028 936 1066 in
969 1039 1223 1080 quocumque
1256 1028 1468 1082 recitante,
1501 1028 1538 1067 si

171 1098 248 1137 quo
281 1087 405 1125 ceteri
435 1090 563 1125 metro
596 1091 721 1140 canat,
747 1099 796 1126 an
823 1099 869 1126 eo
897 1099 1056 1140 quoque
1084 1087 1234 1127 scribat
1265 1089 1439 1140 ingenio.
1493 1092 1540 1128 tu

170 1157 263 1185 vero
302 1151 396 1185 tunc
435 1148 672 1198 oportunius
710 1146 888 1196 subiecta
935 1147 1135 1201 laudabis,
1173 1160 1266 1188 cum
1302 1152 1411 1188 totus
1456 1149 1537 1187 otio

170 1205 395 1245 indulseris.
452 1218 534 1246 non
566 1208 673 1246 enim
704 1208 853 1247 iustum
886 1212 965 1260 est,
990 1212 1035 1247 ut
1067 1219 1212 1248 censor
1242 1209 1413 1260 incipias
1446 1220 1551 1248 cum·

171 1264 380 1305 severitate
413 1265 625 1320 discutere,
658 1267 762 1319 quod
789 1280 869 1307 non
894 1268 1026 1320 potuit
1051 1269 1204 1308 amicus
1232 1280 1323 1308 cum
1349 1269 1538 1308 serietate

115 1333 152 1359 20
171 1324 332 1365 dictare.

598 1423 690 1477 Age,
724 1428 935 1464 convocata
966 1423 1107 1478 pubes,

538 1482 649 1523 locus
684 1483 793 1536 hora,
825 1496 964 1524 mensa
996 1497 1115 1524 causa
1165 1491 1167 1494 ⁴

539 1542 660 1597 iubet,
691 1547 736 1583 ut
766 1543 953 1584 volumen
983 1541 1104 1598 istud,

540 1603 643 1654 quod
678 1608 718 1643 et
749 1616 844 1644 aure
877 1608 918 1644 et
949 1616 1018 1644 ore
1050 1604 1185 1660 discis,

491 1670 511 1701 5
540 1662 682 1702 studiis
716 1665 758 1703 in
790 1668 896 1704 astra
927 1664 1054 1704 tollas.

539 1722 680 1762 Petrus
713 1728 775 1763 est
804 1723 879 1763 tibi
910 1723 1116 1780 legendus,

537 1783 579 1821 in
611 1787 779 1835 utraque
813 1784 1023 1836 disciplina

540 1844 636 1882 satis
668 1843 875 1883 institutus
908 1850 1057 1885 auctor.

540 1901 787 1943 celebremus
821 1916 927 1957 ergo,
959 1905 1103 1945 fratres

471 1965 523 2001 10‘
541 1963 605 2013 pia
638 1963 738 2002 festa
770 1962 1005 2004 litterarum.

522 2026 703 2073 ‘peragat
734 2022 840 2062 diem
872 2024 1079 2065 cadentem

540 2080 651 2135 dape,
683 2082 848 2136 poculis,
885 2083 1042 2125 choreis

539 2141 704 2192 genialis
738 2148 960 2195 apparatus

268 2292 309 2323 17
335 2289 438 2324 totus
464 2290 547 2326 ocio
577 2291 613 2337 Ο,
652 2293 756 2328 totus
788 2293 866 2329 otio
899 2306 990 2333 corr
1018 2298 1060 2333 in
1091 2298 1217 2333 totum
1253 2297 1292 2332 te
1333 2295 1431 2332 sotio
1459 2295 1535 2343 M¹‚
1582 2301 1592 2305 “’

170 2335 291 2370 totum
317 2337 355 2372 te
383 2337 483 2374 socio
510 2339 592 2374 PF
609 2340 620 2385 11
643 2343 685 2375 19
713 2341 906 2390 serietate]
935 2345 1140 2381 severitate
1171 2344 1229 2391 011
