1592 2612
606 121 815 159 CARMEN
838 121 884 159 V.
1348 121 1439 164 269

173 226 218 266 in
247 237 425 279 pugnam
455 225 587 278 pirata
618 225 718 265 coit:
748 236 844 278 pars
874 223 997 264 lintre
1030 227 1166 264 cavata

174 287 257 327 iam
286 285 439 327 dociles
470 286 637 339 exponit
668 297 807 339 equos,
837 297 933 338 pars
965 284 1096 325 ferrea
1127 289 1237 325 texta

75 356 150 388 400
175 346 365 388 concolor
394 345 590 400 induitur,
620 350 772 386 teretes
803 357 899 398 pars
931 344 1105 398 explicat
1136 357 1255 386 arcus

175 406 411 461 spiculaque
442 407 623 447 infusum
655 407 764 447 ferro
796 405 927 446 latura
957 418 1171 459 venenum,

174 480 278 521 quae
309 467 456 508 feriant
486 467 552 507 bis
582 468 709 507 missa
740 465 877 507 semel.
938 468 1018 506 iam
1049 466 1203 507 textilis
1234 467 1377 518 anguis

176 528 370 569 discurrit
401 540 477 582 per
506 532 721 581 utramque
753 528 894 581 aciem,
926 528 994 567 cui
1025 532 1164 580 guttur
1195 527 1347 568 adactis

175 590 372 642 turgescit
403 589 607 643 zephyris3
639 588 775 642 patulo
807 589 1005 628 mentitur
1035 587 1148 628 hiatu

76 657 148 691 405
174 650 319 690 iratam
350 651 510 702 pictura
541 649 701 703 famem,
731 661 945 702 pannoque
978 648 1158 689 furorem

174 722 272 751 aura
304 703 411 764 facit,
443 711 632 763 quotiens
663 714 868 750 crassatur
898 708 1040 749 vertile
1072 714 1233 762 tergum

173 769 349 825 flatibus,
381 775 422 811 et
452 772 625 811 nimium
656 771 737 810 iam
768 782 850 810 non
883 771 992 823 capit
1022 769 1135 810 alvus
1167 771 1298 810 inane.

174 836 215 872 at
245 830 343 871 tuba
373 832 576 871 terrisono
610 832 785 884 strepuit
815 838 934 883 grave
967 843 1088 871 rauca
1120 830 1293 884 fragore,

175 895 390 945 responsat
421 891 572 932 clamor
602 891 730 946 lituis,
760 892 970 944 virtusque
1003 896 1171 944 repente

77 960 150 992 410
175 953 330 1005 ignavis
360 951 423 993 vel
454 965 576 1006 parva
607 952 717 992 furit.
781 951 888 992 cadit
918 951 1099 1004 undique
1131 951 1298 1005 ferrum,

173 1012 270 1053 hinc
299 1017 436 1053 tamen
466 1014 509 1053 in
540 1012 718 1066 iugulos:
748 1012 858 1053 hunc
888 1016 995 1052 torta
1026 1011 1189 1052 falarica
1219 1013 1328 1052 iactu

173 1074 358 1127 proterit,
389 1073 439 1113 ad
470 1078 644 1114 mortem
674 1075 740 1114 vix
772 1077 980 1113 cessatura
1012 1073 1248 1127 secundam3

173 1133 282 1174 hunc
313 1135 424 1174 conti
455 1139 560 1174 rotat
590 1135 716 1188 ictus3
749 1145 854 1186 equo
886 1135 970 1174 ruit
1001 1133 1139 1187 aclyde
1172 1133 1307 1173 fossus

174 1193 242 1234 ille
272 1206 451 1248 veruque
484 1194 604 1249 alius3
636 1196 740 1235 iacet
770 1194 838 1234 hic
869 1193 991 1235 simul
1022 1193 1116 1234 alite
1147 1194 1242 1248 telo,

75 1261 148 1295 415
173 1254 382 1295 absentem
412 1268 558 1309 passus
590 1255 791 1309 dextram3
822 1267 917 1308 pars
948 1254 1101 1308 poplite
1134 1260 1246 1295 secto

173 1316 317 1355 mortis
348 1315 398 1355 ad
430 1316 623 1356 invidiam
654 1318 764 1370 vivit,
795 1321 1033 1369 partemque
1065 1314 1226 1356 cerebri

173 1375 241 1416 hic
273 1375 409 1428 galeae
441 1389 534 1417 cum
565 1381 679 1430 parte
711 1378 829 1430 rapit,
862 1376 1037 1428 fortique
1070 1375 1221 1416 lacerto

175 1435 334 1476 dissicit
365 1438 532 1489 ancipiti
563 1436 793 1477 miserabile
827 1438 1006 1489 sinciput
1036 1448 1146 1476 ense.

175 1500 222 1536 ut
252 1497 430 1549 primum
461 1498 590 1537 versis
622 1497 691 1537 dat
721 1501 880 1549 tergum
911 1496 1112 1537 Vandalus
1145 1499 1282 1550 armis,

78 1565 150 1598 420
177 1556 358 1597 succedit
389 1557 534 1598 caedes
565 1569 741 1610 pugnae:
774 1557 1008 1597 discrimine
1040 1556 1151 1597 nullo

176 1621 415 1658 sternuntur
444 1619 596 1671 passim
628 1619 793 1671 campis,
826 1622 866 1658 et
898 1618 1016 1657 fortia
1049 1630 1231 1670 quaeque

176 1677 272 1718 fecit
302 1679 425 1718 iners.
488 1678 716 1731 trepidante
749 1678 841 1731 suga
872 1690 983 1718 mare
1015 1677 1191 1731 pallidus
1223 1680 1352 1719 intrat

177 1743 218 1778 et
248 1750 370 1778 naves
401 1740 624 1792 pertransit
655 1751 793 1792 eques,
825 1740 1016 1792 turpique
1048 1743 1187 1779 natatu

177 1798 227 1838 de
258 1798 399 1851 pelago
432 1799 481 1839 ad
513 1798 697 1853 cymbam
728 1799 861 1839 rediit.
925 1800 984 1839 sic
1017 1800 1139 1839 tertia
1171 1798 1318 1852 Pyrrhi

80 1867 151 1899 4-25
178 1859 381 1912 quondam
411 1872 546 1913 pugna
577 1860 671 1900 fuit:
705 1861 834 1900 caesis
867 1871 960 1900 cum
991 1858 1157 1900 milibus
1189 1859 1303 1899 illum

177 1918 372 1960 Dentatus
403 1925 620 1974 premeret,
651 1919 806 1960 lacerae
838 1922 903 1960 vix
936 1919 1135 1972 fragmina
1166 1919 1307 1960 classis

177 1981 300 2020 traxit
331 1982 374 2019 in
405 1980 586 2034 Epirum,
618 1982 689 2034 qui
720 1980 902 2021 Chaonas
934 1985 1054 2033 atque
1087 1980 1295 2034 Molossos,

180 2042 250 2093 qui
282 2040 483 2081 Thracum
513 2041 793 2094 Macetumque
825 2053 969 2081 manus
1001 2053 1075 2094 per
1106 2040 1225 2081 litora
1256 2045 1389 2082 vestra

180 2106 384 2154 sparserat
416 2106 455 2141 et
488 2103 604 2142 cuius
636 2103 743 2142 vires
775 2101 966 2142 Oenotria
998 2101 1152 2154 pallens

84 2169 156 2202 430
182 2162 363 2215 ipsaque,
397 2174 497 2214 quae
530 2163 659 2216 petiit,
690 2162 961 2215 trepidaverat
992 2167 1113 2202 uncta
1146 2162 1356 2202 Tarentus.

158 2317 230 2349 410
254 2313 330 2350 fuit
356 2314 406 2349 M
430 2316 443 2360 u
474 2317 543 2349 412
570 2314 734 2360 proterit
759 2315 1013 2361 Luetjohamt,
1037 2314 1201 2360 preterit
1228 2314 1308 2361 GP,
1335 2325 1443 2361 prae-

61 2360 155 2397 terit
179 2362 343 2407 MTFn
364 2367 432 2398 417
460 2361 549 2398 hinc
577 2362 642 2409 Pu
660 2366 731 2400 418
758 2363 908 2400 dissicit
928 2364 995 2411 M]
1022 2362 1153 2399 disicit
1180 2365 1288 2409 (corr.
1316 2374 1362 2400 esc
1388 2363 1446 2398 di-

61 2408 159 2445 dicit
184 2410 246 2455 0¹)
258 2410 328 2447 GT
334 2411 419 2447 PF
434 2413 447 2458 Ι]
