1592 2612
153 114 215 157 44
291 116 295 120 <
620 109 769 148 1331111
794 108 1062 147 SECUNDUS.

156 223 196 256 et
227 216 306 268 ipsi
338 216 380 255 in
411 216 623 268 procinctu
658 225 797 254 sumus
822 216 943 265 teque
970 209 1045 251 suh
1073 223 1147 263 ope
1175 209 1327 251 Christi
1353 211 1534 249 actutum

155 275 272 316 nobis
311 277 485 316 invisere
523 275 671 328 placet,
710 272 936 326 expeditius
974 270 1050 311 tibi
1082 283 1203 311 cenae
1237 271 1460 311 amicorum
1490 270 1534 310 in

109 358 116 364 ·
155 349 244 376 mea
276 348 374 376 cena
405 340 552 388 tuaque
586 332 1020 386 commemorabuntur,
1052 331 1170 372 modo
1197 343 1272 371 nos
1305 342 1425 384 quam
1450 331 1533 384 pri-

155 409 266 436 mum
302 395 563 436 hebdomadis
609 399 770 435 exactae
816 395 944 447 spatia
987 392 1185 446 completa
1221 392 1376 432 votivae
1413 391 1533 431 resti-

120 467 137 494 5
155 462 270 497 tuant
307 458 536 510 esuritioni,
575 457 668 509 quia
710 455 938 507 disruptum
977 466 1101 506 ganea
1140 451 1392 494 stomachum
1422 450 1533 492 nulla

157 517 306 558 sarcire
338 529 403 557 res
435 516 581 557 melius
615 528 734 569 quam
764 516 1010 568 parsimonia
1044 514 1155 554 solet.
1207 512 1304 554 vale.

817 693 870 737 X.

404 776 632 814 SIDONIUS
658 776 900 813 HESPERIO
929 776 1020 813 SUO
1049 768 1291 812 SALUTEM.

250 852 286 895 1.
313 854 410 894 Amo
443 856 485 894 in
518 859 557 895 te
586 854 690 906 quod
717 853 872 894 litteras
899 866 1007 894 amas
1036 859 1075 894 et
1100 865 1392 906 usquequaque
1417 865 1534 906 prae-

157 916 285 956 coniis
318 915 646 955 cumulatissimis
686 914 876 954 extollere
904 914 1103 954 contendo
1135 918 1269 954 tantae
1303 913 1536 966 diligentiae

107 986 141 1012 ιο
161 976 482 1029 generositatem,
508 988 582 1027 per
609 987 728 1028 quam
754 974 871 1014 nobis
898 987 979 1014 non
1006 974 1137 1014 solum
1163 975 1278 1014 initia
1301 978 1372 1014 tua
1397 986 1538 1014 verum

158 1037 279 1075 etiam
324 1035 454 1076 studia
496 1040 634 1075 nostra
672 1035 939 1075 commendas.
1008 1047 1102 1075 nam
1140 1047 1233 1075 cum
1270 1034 1455 1075 videmus
1494 1035 1538 1075 in

158 1095 389 1135 huiusmodi
409 1094 664 1148 disciplinam
683 1097 889 1135 iuniorum
903 1097 1064 1148 ingenia
1080 1107 1351 1149 succrescere,
1371 1099 1539 1148 propter

160 1168 280 1208 quam
311 1168 385 1195 nos
419 1167 577 1208 quoque
612 1155 879 1196 subduximus
913 1155 1064 1196 ferulae
1096 1167 1274 1209 manum,
1304 1156 1536 1209 copiosissi-

159 1227 271 1256 mum
315 1216 490 1256 fructum
528 1218 657 1256 nostri
699 1215 849 1256 laboris
888 1215 1160 1269 adipiscimur.
1230 1215 1329 1256 illud
1369 1228 1539 1270 appone,

107 1286 141 1313 15
162 1275 268 1328 quod
306 1279 463 1316 tantum
501 1276 726 1317 increbruit
758 1275 971 1316 multitudo
1005 1276 1321 1330 desidiosorum,
1358 1281 1420 1331 ut,
1458 1278 1539 1317 nisi

159 1336 222 1375 vel
250 1337 484 1389 paucissimi
511 1338 659 1389 quique
686 1349 838 1376 meram
864 1336 1024 1389 linguae
1050 1336 1222 1377 Latiaris
1247 1338 1539 1390 proprietatem

161 1396 209 1436 de
247 1396 464 1437 trivialium
495 1396 838 1437 barbarismorum
876 1396 1059 1449 robigine
1091 1397 1411 1452 vindicaveritis,
1450 1410 1540 1438 eam

159 1455 274 1496 brevi
299 1456 487 1497 abolitam
513 1457 731 1498 defleamus
757 1458 1139 1511 interemptamque:
1173 1459 1231 1498 sic
1258 1470 1398 1499 omnes
1423 1457 1539 1499 nobi-

160 1515 259 1556 lium
305 1529 536 1557 sermonum
579 1530 782 1571 purpurae
826 1530 899 1570 per
942 1519 1142 1559 incuriam
1186 1517 1295 1572 vulgi
1333 1518 1539 1559 decolora-

106 1575 323 1617 3011331111.
375 1575 414 1617 2.
449 1577 518 1618 sed
550 1579 671 1618 istinc
703 1578 818 1618 alias:
850 1580 1005 1619 interea
1037 1584 1081 1619 tu
1115 1579 1221 1631 quod
1252 1580 1359 1633 petis
1389 1581 1539 1633 accipe.

159 1638 265 1690 petis
297 1642 442 1692 autem,
473 1643 531 1692 ut,
569 1640 604 1678 si
637 1640 705 1691 qui
736 1638 927 1679 versiculi
958 1639 1058 1679 mihi
1091 1640 1295 1694 fluxerint,
1326 1644 1540 1693 postquam

161 1696 210 1737 ab
249 1697 441 1738 alterutro
480 1698 760 1753 discessimus,
797 1699 871 1739 hos
909 1698 984 1739 tibi
1021 1712 1094 1752 pro
1131 1699 1540 1752 (1113(13111.11101311131

160 1757 347 1798 mercede
392 1771 687 1811 pernumerem.
764 1759 870 1799 dicto
914 1772 1055 1814 pareo3
1105 1772 1198 1800 nam
1242 1760 1450 1813 praeditus
1495 1773 1539 1801 es

162 1830 404 1870 quamquam
447 1820 603 1859 iuvenis
648 1819 722 1859 hac
768 1820 891 1859 animi
929 1821 1178 1874 maturitate,
1221 1824 1267 1860 ut
1305 1820 1380 1860 tihi
1417 1822 1540 1861 etiam

108 1888 144 1915 25
163 1882 260 1918 natu
291 1879 449 1931 priores
477 1891 618 1931 gerere
644 1892 799 1919 morem
827 1881 1167 1932 concupiscamus.
1213 1879 1383 1921 ecclesia
1409 1893 1541 1934 nuper

162 1943 366 1979 exstructa
397 1938 584 1991 Lugduni
615 1945 694 1993 est,
734 1952 834 1992 quae
876 1940 1009 1980 studio
1047 1953 1172 1993 papae
1203 1940 1397 1981 Patientis
1432 1954 1539 1982 sum-

162 2011 272 2038 mum
318 2000 450 2052 coepti
495 2001 628 2052 operis
668 2001 854 2054 accessit,
899 2002 975 2040 viri
1020 2002 1149 2041 sancti
1188 2002 1362 2056 strenui,
1406 2004 1538 2042 severi

260 2155 280 2186 2
307 2150 418 2187 nobis
444 2152 615 2187 actutum
645 2151 676 2187 O
702 2153 714 2197 ΙΙ
745 2156 767 2187 4
792 2151 998 2188 restituent
1026 2156 1066 2199 (
1068 2158 1132 2189 ost.
1161 2165 1180 2188 e
1206 2154 1250 2188 in
1274 2164 1347 2189 ras.
1368 2152 1545 2199 M²)MG

161 2198 174 2247 ΙΙ
199 2202 220 2235 9
247 2198 430 2235 extollere
458 2200 500 2245 T,
528 2199 698 2235 excolere
725 2200 910 2242 LMOT;
938 2202 984 2245 cf.
1006 2213 1063 2255 ep:
1081 2201 1157 2247 IV,
1178 2204 1237 2247 11,
1256 2204 1279 2236 4
1306 2201 1540 2247 competenti

161 2246 364 2294 praeconio
398 2247 576 2291 extollat·
619 2248 734 2293 VIII,
762 2251 796 2293 6,
823 2250 849 2284 2
887 2248 1120 2294 praeconio.
1190 2248 1406 2284 immenso.
1448 2261 1539 2285 .e-x

161 2294 267 2332 tollit
285 2297 297 2341 11
319 2299 362 2331 13
389 2296 436 2341 cf.
462 2296 631 2333 Juvenal.
658 2300 726 2332 sat.
748 2297 783 2341 I,
803 2299 850 2332 15
880 2298 885 2342 1
913 2308 1069 2332 manum
1094 2278 1238 2333 ferulae
1268 2297 1392 2343 01115
1416 2298 1542 2334 incre-

161 2343 247 2380 buit
275 2343 345 2380 GT
373 2345 384 2391 ΙΙ
418 2348 462 2380 18
487 2344 833 2390 interemptamque
865 2345 1094 2391 Wouwere‘n,
1125 2344 1278 2382 interim
1309 2346 1466 2391 tamque
1492 2346 1539 2392 L,

162 2391 434 2438 interitamque
461 2394 568 2440 (emur
595 2397 639 2430 ut
663 2404 695 2429 v
723 2404 768 2429 eae
792 2392 1130 2439 interimtamquae
1156 2394 1202 2430 N
1202 2394 1281 2441 ²)N
1283 2394 1335 2430 M
1339 2393 1409 2431 GT
1425 2396 1438 2442 11
