1592 2612
147 127 285 165 XXXII
687 119 975 158 PRAEFATIO.

152 227 257 283 279,
284 227 329 282 93
368 225 695 277 Neue-Wagener
726 223 779 277 ΙΙ,
805 219 904 264 453.
937 243 997 248 -
1028 219 1084 259 lb.
1115 231 1240 270 saepe
1280 228 1374 258 cum
1410 227 1523 257 nunc

151 292 332 331 iunctum
364 288 531 327 fortasse
564 285 662 325 ferri
697 288 842 336 potest.
882 305 937 309 —
978 280 1057 334 VII,
1077 278 1117 334 2,
1145 277 1168 320 1
1198 281 1326 330 plus.
1356 309 1364 317 .
1393 308 1401 317 .
1424 288 1524 328 pro-

152 350 288 402 fectus
313 353 374 389 est
399 349 433 387 si
458 358 597 386 verum
623 348 685 385 est
710 349 750 384 et
774 355 855 383 non
882 346 1103 394 provectus
1136 338 1406 391 scribendum,
1431 348 1525 390 pro-

155 409 316 450 ficiendi
347 407 512 448 verbum
543 406 609 445 hio
640 405 869 444 inusitatius
901 406 1140 454 usurpatum
1172 404 1250 454 est3
1291 401 1527 452 expectatur

156 472 265 511 enim
296 470 429 522 potius
457 466 646 518 profecit.
680 488 736 492 -
775 463 830 504 lb.
864 462 891 504 2
923 462 1100 502 restitui:
1134 473 1186 501 ne
1215 461 1397 501 seeundo
1430 460 1526 498 insi-

156 535 327 571 nuatum
358 541 439 569 non
470 539 580 568 nunc
608 528 787 577 primum
819 536 937 564 nosse
968 525 1183 563 videamur
1217 522 1309 569 (nos
1340 531 1413 572 pro
1446 529 1528 559 non

156 591 236 631 Leo
274 595 314 629 et
350 581 681 641 Luetjohannus).
746 585 934 625 Sidonius
974 595 1017 623 se
1056 585 1238 635 excusat⁷
1283 579 1390 633 quod
1429 583 1539 632 tum,

158 663 249 691 cum
280 650 413 702 priore
447 646 615 701 epistula
659 642 744 702 (Vl,
777 641 824 700 8)
869 644 1097 684 Amantium
1141 641 1335 682 lectorem
1376 638 1528 680 Graeco

160 709 474 761 commendaret,
506 719 596 747 cum
630 707 805 746 nesciret
836 704 949 745 illum
989 717 1010 744 a
1042 703 1186 743 Graeci
1215 700 1528 755 praedecessore

160 775 199 811 et
223 767 538 810 Massiliensibus
565 766 702 807 multis
727 768 806 806 iam
833 770 947 805 antea
972 763 1181 804 beneficiis
1214 762 1402 802 affectum
1427 773 1531 813 esse,

158 843 230 884 pro
256 830 319 869 his
345 829 551 869 beneficiis
577 829 724 880 gratias
751 825 906 866 debitas
932 837 1050 877 agere
1075 823 1316 876 neglexerit3
1350 834 1393 862 se
1420 821 1531 861 enim

160 893 292 944 ipsum
324 891 423 943 eius,
456 900 574 941 quem
607 889 685 927 iam
717 889 864 926 iterum
897 884 1168 938 commendet,
1199 884 1378 936 priorem
1410 883 1532 922 vitam

159 963 266 991 nunc
298 950 457 990 demum
490 949 713 988 accuratius
739 947 983 999 cognovisse.
1022 945 1095 985 Est
1119 946 1243 996 igitur
1268 942 1378 983 illius
1405 954 1531 982 enun-

160 1013 247 1051 tiati
281 1010 477 1050 sententia
508 1009 624 1048 haec:
673 1005 733 1047 ‘ut
770 1006 937 1046 videatis
968 1018 1042 1045 nos
1076 1004 1252 1045 secundo
1284 1004 1533 1043 insinuatum

166 1083 272 1111 nunc
304 1071 480 1122 primum
511 1065 658 1108 nosse.'
686 1091 742 1095 ——
769 1067 823 1106 lb.
857 1069 894 1107 si
923 1069 1049 1106 moris
1081 1071 1141 1106 est
1171 1067 1414 1115 reqularum
1446 1075 1534 1103 cor·

164 1136 326 1184 ruptum
352 1142 441 1169 esse
468 1128 597 1169 credo.
631 1129 690 1168 An
717 1126 974 1167 scribendum
1000 1131 1062 1166 est
1086 1128 1124 1166 si
1147 1127 1273 1166 moris
1299 1129 1360 1166 est
1388 1136 1534 1165 saecu-

167 1193 347 1232 larium?
411 1189 467 1230 Cf.
499 1188 636 1229 Alcim.
669 1188 768 1228 Avit.
802 1200 839 1240 p.
865 1185 965 1240 202,
994 1185 1017 1227 7
1051 1188 1331 1227 saecularium
1369 1186 1536 1234 iudicio,

166 1254 239 1302 qui
282 1256 354 1291 aut
404 1252 635 1301 imperitiae
677 1254 750 1290 aut
790 1250 983 1298 iynaviae
1034 1248 1199 1287 dabunt·
1237 1258 1318 1286 non
1360 1247 1424 1285 uti
1462 1257 1535 1286 nos

164 1313 331 1352 lieentia
358 1316 602 1362 poetarum;
644 1308 868 1349 saeculares
910 1312 1093 1348 auctores
1130 1306 1236 1346 haud
1274 1317 1366 1346 raro
1408 1305 1535 1346 eccle-

169 1372 340 1412 siasticis
374 1375 639 1423 opponuntur.
673 1369 730 1409 Cf.
758 1381 817 1421 ep.
844 1368 923 1421 vll,
950 1366 990 1421 9,
1015 1365 1043 1408 5
1076 1367 1210 1418 refert
1240 1368 1415 1407 historia
1447 1379 1535 1408 sae-

166 1433 332 1472 calaris.
360 1454 415 1458 —
442 1429 497 1469 lh.
523 1428 552 1470 4
584 1442 761 1470 occursu
795 1430 957 1482 scripsi3
989 1441 1023 1468 V.
1057 1427 1144 1469 adn.
1174 1451 1229 1455 —
1255 1426 1310 1467 lb.
1339 1425 1365 1468 8
1393 1439 1442 1467 ex
1469 1426 1537 1468 CF

167 1493 371 1532 socrualis
403 1492 555 1543 recepi3
588 1490 635 1530 cf.
670 1502 729 1542 ep.
763 1488 826 1542 Vl,
852 1487 892 1542 2,
919 1487 967 1542 33
1000 1488 1096 1542 VIII,
1122 1486 1162 1541 9,
1189 1487 1228 1527 2.
1290 1486 1413 1527 Paulo
1445 1492 1537 1528 ante

167 1553 210 1591 in
242 1551 270 1591 C
297 1563 377 1590 non
408 1555 517 1590 recte
543 1563 706 1591 socrum
732 1549 810 1602 legi
841 1554 956 1602 puto3
990 1561 1082 1588 nam
1108 1561 1244 1602 gener,
1271 1560 1363 1588 cum
1394 1560 1539 1589 novam

166 1616 331 1664 nuptam
364 1611 524 1650 domum
556 1610 784 1663 abduceret,
810 1622 868 1663 ea,
901 1622 1001 1662 quae
1034 1610 1183 1653 mortui
1210 1609 1339 1648 soceri
1366 1608 1539 1664 fuerant,

168 1683 304 1711 secum
330 1671 492 1711 abstulit
516 1675 802 1723 praetereaque
835 1682 907 1722 per
939 1669 1195 1709 calliditatem
1228 1681 1342 1709 suam
1368 1670 1490 1710 etiam
1517 1683 1539 1710 a

169 1743 286 1771 socru
331 1731 524 1783 quaedam
566 1732 795 1784 impetravit
837 1732 936 1779 (non
973 1742 1107 1781 parvo
1148 1732 1272 1770 etiam
1314 1732 1539 1772 corollario

168 1787 274 1846 etc.)
308 1815 362 1818 —
395 1791 449 1831 ΙΙ).
483 1790 508 1831 9
544 1792 727 1832 Miletiae
764 1790 1010 1830 Mommseno
1050 1790 1213 1831 iubente
1257 1790 1420 1843 scripsi3
1458 1803 1540 1831 non

170 1851 271 1891 male
305 1853 423 1891 etiam
448 1851 501 1891 ib.
528 1850 825 1903 Luetjohannus
848 1851 1021 1901 fabulae
1046 1852 1246 1904 proponit.
1269 1873 1325 1878 --
1352 1849 1431 1905 VII,
1451 1850 1492 1906 3,
1515 1850 1539 1892 1

168 1912 265 1951 mihi
307 1913 348 1951 in
389 1916 564 1951 mentem
605 1916 768 1951 venerat
809 1914 938 1952 animi
980 1912 1157 1960 affectus
1200 1913 1336 1952 studio
1381 1923 1542 1963 quoque

166 1974 347 2022 parendi
352 1987 367 2020 ;
411 1984 518 2011 nunc
568 1971 832 2023 Luetjohanni
883 1973 1175 2011 correctionem
1224 1975 1270 2011 ut
1319 1971 1542 2013 faciliorem

169 2044 280 2071 meae
318 2032 511 2084 praefero.
554 2055 609 2059 —
651 2032 729 2085 VII,
761 2031 801 2085 4,
834 2030 860 2072 3
903 2045 951 2071 ex
992 2028 1094 2071 M1F
1136 2035 1342 2072 sociemur
1383 2034 1543 2088 scripsi,

171 2093 358 2143 quoniam
377 2093 442 2131 vix
464 2097 525 2131 est
545 2091 735 2131 credibile
757 2093 1054 2132 coniunctivum
1075 2091 1355 2145 interpolatori
1381 2093 1542 2148 deberi3

170 2164 203 2191 v.
238 2151 285 2191 de
318 2152 392 2191 hoc
425 2153 676 2191 coniunctivo
710 2165 769 2204 ep.
802 2152 867 2206 ΙΙΙ,
895 2151 933 2206 7,
958 2151 998 2192 4.
1027 2175 1082 2180 —
1110 2152 1165 2192 Ih.
1192 2151 1222 2192 4
1253 2151 1375 2192 verba
1407 2156 1453 2194 id
1483 2161 1544 2195 est

172 2214 214 2252 in
262 2212 500 2253 Vasionensi
541 2215 688 2263 oppido
730 2214 1072 2265 interpretationis
1115 2225 1235 2252 causa
1276 2212 1410 2254 addita
1453 2227 1542 2255 esse

172 2273 400 2324 suspiceris.
448 2271 564 2312 Certe
598 2274 644 2326 is,
677 2272 725 2312 ad
759 2285 877 2325 quem
909 2273 1007 2313 haec
1040 2272 1211 2326 epistula
1244 2272 1334 2312 data
1367 2279 1441 2328 est,
1473 2275 1544 2315 tali

178 2331 446 2372 additamento
479 2344 559 2371 non
592 2332 741 2384 egebat.
782 2356 837 2360 ——
876 2333 954 2387 Vll,
981 2332 1020 2386 ὃ,
1051 2334 1071 2374 1
1107 2334 1323 2383 Bituriyas
1365 2335 1545 2376 scriben-

171 2391 266 2432 dum
299 2404 387 2432 esse
425 2391 695 2432 Mommsenus
734 2398 842 2433 recte
881 2395 1046 2433 monuit.
1087 2416 1143 2421 —
1182 2392 1237 2432 Ib.
1270 2391 1300 2433 4
1338 2400 1378 2434 et
1415 2398 1546 2451 tenui3
