1592 2612
109 132 168 176 36
584 126 732 164 LIBER
758 123 1027 164 SECUNDUS.

107 228 267 290 stabis),
294 231 463 272 daturus
489 230 586 270 hinc
611 229 782 283 veniam,
815 227 922 280 quod
948 227 1188 267 brevitatem
1214 224 1293 266 sibi
1318 224 1497 266 debitam

106 294 225 349 paulo
254 291 534 345 scrupulosior
562 289 734 344 epistula
761 289 946 342 excessit,
973 287 1070 328 dum
1095 291 1225 327 totum
1244 287 1354 327 ruris
1374 287 1498 328 situm

110 354 281 396 sollicita
320 354 511 407 rimatur3
550 363 652 404 quae
690 355 827 390 tamen
866 347 1146 389 summovendi
1184 346 1337 388 fastidii
1369 347 1502 388 studio

108 429 185 457 nec
211 419 355 455 cuncta
381 414 634 466 perstrinxit.
681 414 928 464 quapropter
952 408 1084 450 bonus
1110 407 1263 449 arbiter
1287 412 1328 448 et
1353 407 1498 448 artifex

71 490 88 516 5
108 476 236 517 lector
262 486 343 515 non
369 475 570 528 paginam,
603 484 705 525 quae
733 472 860 525 spatia
886 469 1094 524 describit,
1122 469 1192 510 sed
1218 467 1364 523 villam,
1391 481 1493 522 quae

111 537 286 590 spatiosa
318 534 584 588 describitur,
617 532 810 586 grandem
842 529 1174 584 pronuntiabunt.
1218 528 1316 570 vale.

772 685 850 730 III.

405 769 639 808 SIDONIUS
665 768 823 806 FELICI
851 767 943 805 SUO
972 767 1213 805 SALUTEM.

207 847 244 890 1.
287 848 449 890 Gaudeo
488 853 548 902 te,
590 847 751 887 domine
791 848 937 901 maior,
979 845 1252 900 amplissimae
1294 843 1504 898 dignitatis

119 910 266 951 infulas
299 914 575 949 consecutum.
640 907 711 948 sed
744 907 786 947 id
818 907 918 947 mihi
950 906 1000 947 ob
1032 906 1109 946 hoc
1142 905 1273 946 solum
1304 905 1504 946 destinato

62 985 97 1011 ιο
116 970 324 1012 tabellario
351 971 582 1010 nuntiatum
607 980 690 1008 non
715 969 850 1008 minus
876 967 1042 1020 gaudeo.
1087 979 1181 1007 nam
1206 965 1303 1007 licet
1324 967 1369 1006 in
1387 978 1503 1019 prae-

119 1032 341 1072 sentiarum
387 1032 443 1070 sis
487 1029 723 1082 potissimus
762 1030 1020 1081 magistratus
1066 1032 1106 1067 et
1150 1028 1193 1067 in
1230 1026 1337 1067 lares
1373 1025 1506 1067 Phila-

118 1093 280 1145 grianos
326 1091 522 1144 patricius
568 1101 669 1142 apex
713 1090 838 1128 tantis
888 1093 980 1141 post
1025 1087 1196 1128 saeculis
1239 1091 1309 1127 tua
1352 1091 1510 1128 tantum

119 1152 311 1193 felicitate
344 1150 606 1204 remeaverit,
644 1150 802 1189 invenis
834 1153 988 1203 tamen,
1027 1150 1088 1188 vir
1121 1149 1392 1188 amicitiarum
1425 1160 1509 1188 ser-

118 1213 367 1265 vantissime,
401 1210 574 1264 qualiter
606 1209 806 1250 honorum
837 1214 1004 1250 tuorum
1037 1213 1193 1249 crescat
1225 1209 1509 1249 communione

69 1285 103 1313 15
123 1273 341 1326 fastigium,
373 1283 546 1324 raroque
579 1282 726 1323 genere
760 1269 934 1323 exempli
959 1269 1214 1310 altitudinem
1241 1273 1352 1310 tuam
1378 1269 1510 1310 humi-

120 1333 231 1373 litate
253 1332 457 1373 sublimas.
499 1330 538 1372 2.
567 1332 626 1371 sic
646 1329 849 1383 quondam
869 1330 1063 1378 Quintum
1082 1329 1252 1370 Fabium
1271 1330 1510 1382 magistrum

122 1395 303 1446 equitum
330 1392 548 1432 dictatorio
575 1392 702 1443 rigori
729 1396 769 1431 et
795 1390 1030 1444 Papirianae
1058 1389 1272 1444 superbiae
1299 1390 1410 1430 favor
1434 1403 1508 1443 pu-

121 1453 253 1494 blicus
285 1452 499 1506 praetulit,
532 1453 590 1492 sic
624 1456 664 1491 et
696 1451 875 1491 Gnaeum
905 1451 1143 1505 Pompeium
1175 1463 1298 1504 super
1330 1449 1509 1491 aemulos

126 1513 271 1554 extulit
302 1525 521 1565 numquam
561 1511 739 1552 fastidita
771 1511 1037 1567 popularitas3
1077 1513 1136 1552 sic
1168 1511 1360 1552 invidiam
1392 1511 1512 1552 Tibe-

76 1588 112 1614 20
132 1575 288 1614 rianam
325 1574 475 1626 pressit
507 1574 781 1613 universitatis
814 1585 949 1613 amore
983 1572 1258 1613 Germanicus.
1323 1573 1513 1625 quocirca

124 1634 216 1674 nolo
245 1633 322 1674 sibi
352 1634 401 1674 de
429 1632 685 1674 successibus
711 1634 791 1673 tuis
815 1633 1054 1686 principalia
1073 1632 1270 1673 beneficia
1290 1632 1513 1686 plurimum

124 1694 403 1748 blandiantur,
449 1706 549 1746 quae
591 1693 692 1733 nihil
732 1693 808 1733 tibi
847 1694 1018 1746 amplius
1058 1694 1242 1734 conferre
1280 1697 1513 1747 potuerunt,

130 1767 257 1808 quam
290 1759 346 1808 ut,
380 1755 414 1794 si
446 1754 486 1793 id
518 1753 802 1808 noluissemus,
834 1756 1103 1794 transiremur
1134 1755 1261 1794 inviti.
1312 1753 1411 1794 illud
1442 1766 1512 1806 pe-

128 1815 278 1856 culiare
312 1820 431 1855 tuum
465 1820 539 1868 est,
571 1813 669 1854 illud
696 1815 846 1867 gratiae
874 1814 1103 1869 singularis,
1137 1813 1243 1867 quod
1269 1818 1352 1853 tam
1378 1814 1448 1866 qui
1473 1819 1512 1854 te

72 1888 108 1916 25
128 1875 379 1916 aemulentur
399 1887 480 1914 non
499 1873 624 1914 habes
646 1886 765 1926 quam
785 1886 866 1914 non
886 1876 1043 1915 invenis
1065 1876 1134 1927 qui
1155 1878 1387 1927 sequantur.
1414 1873 1512 1914 vale.

783 2027 859 2071 IV.

353 2110 581 2147 SIDONIUS
609 2110 905 2147 SAGITTARIO
932 2110 1025 2147 SUO
1054 2109 1294 2146 SALUTEM.

227 2187 264 2229 1.
309 2187 377 2227 Vir
422 2187 672 2228 clarissimus
709 2186 937 2241 Proiectus,
982 2187 1091 2227 domi
1134 2186 1281 2227 nobilis
1320 2191 1361 2227 et
1401 2192 1514 2240 patre

135 2253 361 2302 patruoque
401 2247 706 2301 spectabilibus,
745 2259 817 2287 avo
851 2249 971 2288 etiam
1003 2249 1350 2300 praestantissimo
1385 2260 1515 2288 sacer-

235 2368 253 2400 1
279 2363 343 2400 hic
369 2375 462 2405 corr,
490 2365 533 2400 in
558 2363 648 2400 hinc
677 2362 732 2407 0¹,
758 2362 848 2398 hinc
873 2364 914 2410 (n
938 2364 980 2399 in
1005 2375 1079 2400 ras.
1099 2364 1151 2399 M
1154 2364 1244 2410 ¹)M,
1269 2363 1332 2399 vel
1355 2363 1419 2400 hic
1443 2375 1470 2400 s.
1492 2365 1516 2401 l.

135 2413 222 2450 add.
244 2412 309 2449 M2
327 2414 340 2459 ΙΙ
361 2415 381 2448 9
409 2412 551 2460 solum]
578 2412 704 2459 ipsum
726 2411 760 2447 T
775 2414 788 2459 [Ι
810 2414 854 2447 16
879 2411 1027 2448 fabium
1046 2423 1113 2450 om.
1139 2411 1170 2449 0
1182 2413 1196 2459 ΙΙ
1215 2415 1260 2448 26
1287 2411 1431 2459 siagrio
1462 2412 1519 2461 011
