1592 2612
113 145 200 182 XIV
654 142 947 180 PRAEFATIO.

111 246 227 287 Arch.
255 246 298 300 V,
331 243 425 287 139.
462 269 517 273 —
550 245 605 285 Ib.
634 243 660 285 6
693 244 861 298 haesito,
894 244 990 296 quid
1023 243 1164 284 lacuna
1196 243 1276 299 illa,
1315 257 1416 297 quae
1448 246 1492 285 in

112 306 143 346 L
175 312 266 359 post
304 319 415 347 meus
449 311 574 359 extat,
613 305 765 345 faciam.
829 304 930 344 Nam
963 304 1069 357 quod
1102 306 1144 344 in
1177 304 1211 344 N
1243 306 1358 345 initio
1397 318 1490 346 cen-

113 370 210 407 dum
248 368 342 420 fuit,
388 366 494 419 quod
533 367 662 419 prima
701 377 842 405 manus
881 366 1091 418 expunxit,
1135 364 1212 405 hoc
1251 377 1299 405 ex
1336 363 1492 406 ultimis

113 427 274 480 syllabis
308 426 422 467 verbi
459 428 726 477 repetendum
765 426 1034 478 dittographia
1068 429 1201 465 ortum
1234 437 1323 465 esse
1358 427 1490 478 suspi-

114 500 218 541 cere,
256 500 388 540 neque
420 486 716 526 Wilamowitzii
757 487 989 526 coniectura
1027 488 1205 536 aqedum
1242 485 1390 540 placet,
1428 484 1491 526 vel

111 553 338 602 propterea,
365 547 470 600 quod
491 546 730 587 adhortandi
751 559 868 586 voces
896 547 1018 586 nimis
1045 545 1269 586 cumulatae
1290 545 1490 586 videntur.

113 608 216 648 Sane
250 609 431 662 quidem,
470 609 505 647 si
536 607 660 661 ullus,
698 607 763 646 hic
795 606 907 647 locus
947 619 1088 646 vereor
1125 619 1176 646 ne
1216 607 1491 659 suspicionem

111 681 271 708 movere
298 670 427 721 possit
453 680 556 721 eum,
587 668 656 720 qui
683 667 864 706 codicem
890 666 920 705 L
947 667 1132 720 confecit,
1159 679 1238 706 non
1265 668 1321 706 ita
1346 665 1487 706 Latine

112 729 319 769 indoctum
351 729 494 781 fuisse3
526 740 620 767 nam
653 739 744 767 cum
776 729 819 766 in
845 726 1061 779 archetypo
1089 739 1161 766 suo
1189 726 1287 766 illud
1314 729 1490 767 cendum

111 791 348 843 invenisset,
387 789 427 828 id
461 789 645 828 omisisse
678 788 854 841 videtur,
894 788 1041 839 quippe
1076 786 1182 839 quod
1221 799 1302 826 non
1333 786 1489 827 intelle-

111 854 234 902 geret.
269 873 325 877 —
358 849 413 889 ΙΙ).
443 848 465 889 7
500 861 574 901 pro
614 851 724 900 ipsas
756 847 1078 900 Luetjohannum
1117 848 1204 887 sine
1238 859 1357 887 causa
1389 849 1489 887 istas

113 912 343 964 scripsisse,
389 922 481 950 cum
522 908 882 948 demonstrativum
924 908 1044 947 huius
1083 908 1333 959 pronominis
1371 919 1490 947 usum

111 983 190 1010 non
230 971 522 1023 perspexisset,
560 971 641 1009 iam
673 968 858 1021 Engelbr.
892 968 914 1007 l.
943 967 965 1007 l.
993 980 1030 1020 p.
1059 966 1086 1007 2
1127 969 1323 1020 exposuit.
1386 966 1488 1007 Item

111 1044 172 1084 ep.
199 1030 245 1084 ΙΙ,
269 1028 306 1084 1,
330 1030 352 1071 1
387 1035 428 1070 et
458 1029 523 1083 ΙΙΙ,
545 1027 585 1083 5,
606 1028 632 1069 2
665 1029 812 1069 tradita
844 1027 962 1068 lectio
990 1027 1221 1080 reponenda
1249 1032 1321 1067 est.
1373 1026 1487 1074 Quod

110 1091 331 1131 Bonnetius
376 1087 429 1130 ‘le
471 1090 570 1129 latin
608 1089 644 1129 d.
679 1088 794 1141 Grcg.
829 1089 864 1128 d.
898 1085 1045 1128 Tours’
1083 1101 1120 1140 p.
1154 1086 1243 1129 300
1258 1100 1343 1140 sqq.
1390 1087 1490 1127 dicit

111 1151 215 1204 apud
254 1150 493 1203 Gregorium
532 1150 810 1190 Turonensem
850 1150 1135 1202 pronominum
1173 1151 1225 1197 is,
1270 1150 1356 1197 hie,
1402 1149 1492 1201 iste,

111 1214 190 1262 ille,
229 1214 326 1265 ipse,
365 1214 471 1251 idem
503 1212 583 1249 vim
617 1223 662 1250 ac
694 1214 934 1262 potestatem
966 1210 1045 1248 iam
1083 1221 1164 1249 non
1197 1210 1251 1248 ita
1289 1208 1490 1248 diversam

111 1284 213 1326 esse,
245 1276 290 1311 ut
322 1283 403 1311 non
435 1270 542 1311 aliud
574 1272 616 1310 in
649 1270 756 1310 aliud
789 1274 978 1323 transeat,
1011 1269 1051 1308 id
1078 1270 1120 1309 in
1148 1268 1359 1308 Sidonium
1391 1279 1488 1320 quo-

112 1345 189 1385 que
240 1331 420 1384 aliosque
477 1330 584 1370 illius
641 1332 782 1370 aetatis
834 1331 1053 1383 scriptores
1105 1329 1248 1369 cadere
1300 1328 1487 1381 plurimis

111 1392 305 1445 exemplis
338 1404 387 1431 ex
426 1392 566 1444 quovis
603 1391 736 1431 indice
776 1392 947 1443 sumptis
985 1390 1215 1430 confirmari
1252 1393 1395 1441 potest.
1429 1410 1487 1416 —

110 1453 164 1493 ΙΙ).
193 1452 219 1494 8
255 1457 298 1492 ut
329 1452 512 1492 lacunam
544 1452 585 1491 in
616 1452 777 1504 optimis
805 1450 1012 1490 codicibus
1039 1450 1256 1490 indicatam
1283 1448 1488 1501 explerem

113 1513 314 1565 simulque
359 1512 599 1552 claudicanti
643 1517 682 1551 et
724 1512 1017 1551 constructioni
1063 1506 1337 1566 (desideratur
1380 1509 1490 1548 enim

112 1573 338 1613 subiectum
383 1567 589 1627 infinitivi)
632 1577 672 1612 et
717 1573 940 1611 sententiae
985 1565 1282 1623 subvenirem,
1318 1569 1488 1621 scripsi:

111 1635 230 1674 iubeo
264 1639 312 1682 te,
354 1636 513 1674 seilicet
538 1644 619 1683 pro
654 1637 856 1683 potestate
894 1633 1079 1672 cinctuti.
1144 1630 1334 1670 Sidonius
1366 1630 1489 1681 igitur

110 1706 184 1747 per
216 1695 350 1734 iocum
383 1694 498 1745 quasi
537 1692 776 1745 superbiens
815 1692 1009 1744 dignitate
1041 1691 1159 1731 modo
1193 1694 1358 1742 accepta
1390 1690 1488 1729 ami-

112 1767 203 1794 cum
235 1753 348 1794 iubet
379 1754 507 1806 ipsius
541 1754 576 1792 si
607 1765 689 1792 non
721 1752 992 1805 eloquentiam
1017 1756 1056 1791 at
1083 1751 1313 1791 felicitatem
1340 1748 1488 1789 debitis

110 1814 299 1854 laudibus
328 1814 484 1854 efferre.
514 1836 570 1841 —
597 1813 625 1867 I,
654 1811 723 1867 11,
749 1811 778 1853 4
809 1825 831 1852 a
862 1812 1034 1852 lectione
1062 1811 1212 1852 codicis
1239 1810 1270 1849 L
1297 1809 1487 1850 recedere

111 1874 203 1914 nolo
238 1870 300 1930 (in
332 1873 366 1913 N
399 1874 538 1914 dubito
573 1886 622 1913 an
659 1875 849 1914 extraxit
879 1873 1019 1926 fuerit,
1058 1883 1299 1924 quamquam
1331 1869 1487 1910 litterae

110 1948 141 1975 x
180 1939 220 1975 et
257 1940 274 1975 t
311 1947 430 1987 saepe
470 1934 664 1986 distingui
701 1935 767 1973 vix
804 1928 1006 1988 possunt).
1071 1931 1188 1972 Certe
1227 1943 1310 1981 qua
1348 1941 1488 1970 verum

112 2007 200 2035 esse
233 2007 307 2035 nec
339 1996 382 2034 in
420 2007 498 2045 quo
531 1995 679 2034 mutari
717 1993 863 2034 debere
904 1994 1000 2032 satis
1033 1992 1170 2032 multis
1203 1989 1397 2044 exemplis
1431 1985 1486 2044 (v,

111 2068 230 2095 carm.
259 2054 359 2109 XVI,
387 2052 443 2095 99
477 2050 586 2109 adn.)
620 2059 746 2108 patet3
785 2053 856 2093 sed
889 2055 1009 2093 etiam
1042 2058 1081 2093 et
1111 2056 1221 2092 recte
1261 2063 1303 2091 se
1334 2050 1484 2090 hahere

112 2115 250 2169 cred03
283 2116 331 2155 cf.
359 2128 419 2168 ep.
447 2114 511 2169 IX,
541 2113 609 2168 11,
635 2113 662 2155 9
695 2117 767 2155 Itos
794 2146 801 2153 .
824 2145 832 2154 .
855 2146 862 2153 .
891 2116 987 2154 dum
1020 2115 1251 2164 compellat,
1284 2116 1324 2152 et
1349 2111 1483 2162 publi-

111 2181 201 2223 eat;
244 2175 365 2215 Hilar.
397 2180 445 2215 tr.
474 2188 503 2215 5.
531 2174 670 2227 psalm.
697 2187 733 2227 p.
764 2172 862 2227 700,
889 2172 916 2215 6
955 2175 1067 2224 quod
1102 2175 1213 2225 velit,
1253 2176 1294 2212 et
1325 2171 1486 2222 faeiat;

111 2235 280 2275 Salvian.
313 2248 350 2288 p.
380 2234 484 2289 199,
511 2233 568 2276 25
610 2247 717 2285 quae
754 2237 861 2275 euim
888 2266 925 2274 ..
949 2266 956 2274 .
982 2236 1256 2283 seminarunt,
1301 2233 1406 2272 haec:
1445 2235 1486 2270 et

111 2301 259 2337 metent
291 2290 359 2351 (cf.
388 2295 510 2335 Galat.
539 2294 578 2349 6,
605 2290 670 2350 8);
703 2294 939 2335 Priscillian.
966 2307 1003 2347 p.
1031 2292 1101 2347 34,
1125 2292 1179 2334 13
1213 2293 1323 2342 quod
1347 2292 1484 2331 credi-

111 2368 210 2405 mus,
243 2361 283 2396 et
313 2359 541 2405 loquamur.
570 2378 626 2382 —
652 2354 706 2394 Ib.
736 2354 762 2395 ἴ)
791 2354 943 2405 fecerit
975 2355 1134 2394 retinui.
1187 2352 1244 2393 Cf.
1270 2350 1484 2391 Woelfflin.

111 2416 227 2457 Arch.
254 2415 324 2470 ΙΙΙ,
349 2414 480 2467 52sq.
516 2437 571 2443 —-
604 2414 658 2454 Ib.
687 2413 713 2455 6
747 2415 794 2455 de
829 2415 1120 2463 Mareetttana,
1159 2425 1259 2466 quae
1299 2411 1486 2451 adiectivi
