1592 2612
136 137 162 179 2
635 133 780 170 menn
806 132 1001 169 PRIMUS.

135 243 345 290 torumque
365 237 689 290 praerogativam.
742 233 780 275 3.
815 234 885 274 sed
912 234 1066 275 scilicet
1092 232 1167 274 tibi
1192 234 1311 286 parui
1334 238 1508 286 tuaeque

136 299 419 338 examinationi
449 297 521 336 has
551 293 808 349 <litterulas>
847 307 928 334 non
966 294 1234 335 recensendas
1274 289 1370 350 (hoc
1401 295 1511 334 enim

134 370 276 411 parum
307 353 387 412 est)
422 357 491 397 sed
530 355 809 410 defaecandas,
845 360 892 395 ut
923 356 1053 409 aiunt,
1091 354 1367 408 limandasque
1401 366 1509 395 com-

135 420 240 472 misi,
279 419 410 458 sciens
442 422 481 457 te
513 416 759 456 inmodicum
800 428 888 455 esse
926 416 1124 456 fautorem
1162 427 1244 455 non
1283 415 1510 456 studiorum

100 492 116 518 5
135 479 252 518 modo
285 490 424 518 verum
456 478 576 517 etiam
608 476 891 516 studiosorum.
956 488 1075 528 quam
1107 475 1156 515 ob
1189 487 1277 516 rem
1300 488 1375 516 nos
1401 487 1510 516 nunc

134 551 327 592 perquam
358 537 669 577 haesitabundos
701 538 744 576 in
769 537 844 576 hoc
871 536 1061 589 deinceps
1089 536 1216 576 famae
1241 535 1408 589 pelagus
1434 537 1509 576 im-

134 598 261 652 pellis.
324 597 362 638 4.
394 610 514 650 porro
554 602 687 637 autem
726 609 847 650 super
884 596 1116 637 huiusmodi
1156 596 1348 650 opusculo
1380 598 1510 637 tutius

136 661 473 712 conticueramus,
518 659 696 697 contenti
740 669 929 697 versuum
974 656 1131 697 felicius
1177 669 1297 710 quam
1337 658 1509 710 peritius

136 719 334 759 editorum
375 719 580 772 opinione,
625 717 674 757 de
719 730 796 770 qua
839 717 939 757 mihi
983 718 1062 757 iam
1105 716 1263 770 pridem
1304 718 1347 758 in
1388 722 1510 771 portu
1550 762 1553 765 .

82 793 116 818 10
136 779 275 819 iudicii
305 777 456 831 publici
486 783 578 831 post
609 777 821 818 lividorum
853 777 1069 818 latratuum
1096 777 1246 831 Scyllas
1280 779 1509 831 enavigatas

136 839 371 879 sufficientis
411 838 558 890 gloriae
597 850 742 878 ancora
781 837 904 878 sedet.
969 838 1037 878 sed
1079 839 1115 878 si
1147 843 1187 878 et
1218 838 1329 879 hisce
1363 837 1509 879 delira-

134 899 280 939 mentis
323 900 541 951 genuinum
580 898 773 938 molarem
816 898 966 938 invidia
1008 911 1090 938 non
1130 898 1282 953 fixerit,
1327 904 1510 940 actutum

134 959 209 999 tihi
235 972 256 999 a
277 959 394 999 nobis
420 958 620 998 volumina
646 960 923 998 numerosiora
948 960 1198 1011 percopiosis
1225 961 1509 1000 scaturrientia

138 1018 541 1060 sermocinationibus
574 1018 955 1071 multiplicabuntur.
1018 1019 1115 1059 vale.

764 1188 768 1194 ·
789 1172 844 1215 II.

84 1260 117 1286 15
365 1253 591 1290 SIDONIUS
617 1253 896 1291 AGRICOLAE
925 1254 1016 1291 SUO
1045 1225 1285 1291 SALUTEM.

227 1339 264 1382 1.
298 1342 592 1394 Saepenumero
624 1342 889 1397 postulavisti,
919 1348 976 1398 ut,
1010 1345 1103 1396 quia
1130 1343 1373 1384 Theudorici
1399 1345 1509 1398 regis

136 1401 355 1442 Gothorum
388 1403 638 1442 commendat
668 1403 826 1456 populis
853 1404 955 1443 sama
982 1404 1226 1458 civilitatem,
1258 1404 1407 1445 litteris
1433 1404 1511 1445 tibi

136 1462 286 1502 formae
319 1474 412 1502 suae
445 1465 657 1517 quantitas,
688 1465 791 1503 vitae
824 1464 993 1516 qualitas
1020 1465 1326 1517 significaretur.
1381 1477 1507 1518 pareo

124 1521 278 1575 libens,
309 1523 352 1561 111
385 1528 575 1574 quantum
611 1523 839 1576 epistularis
869 1526 1014 1577 pagina
1047 1526 1154 1579 sinit,
1192 1525 1360 1566 laudans
1393 1527 1436 1567 in
1467 1531 1508 1567 te

82 1597 117 1622 20
135 1587 216 1622 tam
249 1581 439 1622 delicatae
472 1582 752 1624 sollicitudinis
779 1585 1078 1637 ingenuitatem.
1142 1587 1266 1638 igitur
1292 1588 1354 1626 vir
1380 1591 1443 1627 est
1469 1591 1510 1627 et

135 1641 215 1681 illis
248 1642 391 1694 dignus
424 1645 597 1697 agnosci,
630 1645 698 1696 qui
725 1657 816 1684 eum
841 1647 974 1685 minus
1000 1645 1252 1686 familiariter
1277 1648 1507 1687 intuentur:

135 1702 190 1741 ita
221 1714 432 1754 personam
465 1715 577 1743 suam
609 1703 707 1744 deus
742 1704 892 1745 arbiter
925 1711 964 1745 et
989 1708 1092 1746 ratio
1125 1711 1291 1747 naturae
1320 1718 1507 1748 consum-

136 1767 263 1801 matae
296 1762 495 1802 felicitatis
529 1764 619 1803 dote
659 1766 808 1804 sociata
846 1765 1167 1820 cumulaverunt3
1206 1778 1340 1806 mores
1374 1771 1509 1807 autem

135 1821 429 1876 huiuscemodi,
472 1828 517 1863 ut
553 1823 738 1864 laudibus
776 1837 915 1865 eorum
956 1825 1056 1865 nihil
1094 1839 1144 1866 ne
1187 1828 1302 1879 regni
1344 1826 1509 1880 quidem

84 1896 118 1922 25
138 1881 322 1922 defrudet
352 1883 511 1922 invidia.
574 1882 613 1924 2.
647 1886 682 1924 si
713 1885 840 1925 forma
878 1884 1110 1938 quaeratur:
1149 1898 1318 1939 corpore
1357 1893 1509 1943 exacto,

136 1940 379 1994 longissimis
411 1942 589 1997 brevior,
631 1946 839 1996 procerior
871 1947 1190 2000 eminentiorque
1223 1947 1508 1989 mediocribus.

137 2003 278 2054 capitis
311 2015 409 2054 apex
442 2003 650 2058 rotundus,
690 2006 731 2044 in
766 2018 843 2057 quo
875 2006 1081 2058 paululum
1113 2020 1134 2046 a
1165 2007 1330 2060 planitie
1362 2008 1509 2049 frontis

137 2062 178 2100 in
203 2063 394 2102 verticem
427 2065 623 2103 caesaries
656 2065 794 2117 refuga
821 2067 1030 2118 crispatur.
1089 2068 1222 2107 cervix
1254 2080 1335 2108 non
1365 2065 1511 2122 <sedet

234 2216 255 2248 2
282 2213 473 2249 litterulas
512 2215 600 2251 add.
628 2216 891 2261 LuetJ’ohanm
930 2229 998 2254 om.
1031 2219 1117 2255 LN
1121 2219 1171 2255 M
1178 2219 1261 2264 TO,
1297 2220 1361 2256 sed
1397 2221 1440 2256 in
1474 2221 1511 2257 L

136 2265 231 2307 spat.
253 2265 302 2297 10
328 2263 396 2298 litt.
422 2266 558 2309 vacatss
578 2267 599 2299 3
625 2274 760 2309 parum
791 2265 831 2309 T,
857 2276 1018 2311 parvum
1044 2267 1221 2304 ΖΜΟΝ
1235 2268 1247 2314 ΙΙ
1268 2271 1311 2303 11
1339 2268 1379 2304 01
1402 2269 1512 2305 malit

136 2309 253 2346 delere
274 2309 512 2354 Luetjoharm
531 2314 542 2357 Η
563 2314 608 2347 16
631 2311 842 2348 theodorici
866 2313 902 2359 Ο,
929 2314 1141 2351 theoderici
1161 2315 1212 2351 M
1227 2318 1239 2362 u
1260 2319 1305 2351 24
1330 2315 1510 2352 huiusce-

136 2357 242 2393 modi
280 2357 469 2403 NMOT,
508 2358 769 2395 huiuscemodi
809 2362 897 2396 sunt
929 2363 964 2397 L
995 2365 1006 2409 11
1039 2368 1084 2399 25
1118 2363 1317 2400 defraudet
1347 2363 1478 2402 MTG
1498 2365 1510 2413 Η

137 2409 183 2442 28
208 2416 286 2441 11011
314 2405 422 2442 sedet
445 2406 557 2444 nodis
585 2408 650 2443 sed
676 2408 802 2444 nervis
828 2421 891 2456 eqo
917 2411 1008 2457 (non
1033 2411 1126 2447 toris
1151 2413 1277 2447 tumet
1295 2412 1363 2448 sed
1382 2412 1509 2448 nervis
