1592 2612
147 100 234 142 228
381 111 393 121 ·
441 88 443 90 ’
659 94 808 131 LLBER
831 92 1010 131 NONUS.
1159 97 1165 101 ·
1228 116 1244 136 ,

517 209 592 237 nec
623 198 667 236 in
697 196 773 236 hoc
804 199 983 235 moratus
1016 206 1087 234 axe

519 259 598 297 cito
630 256 678 296 ad
712 268 804 296 arva
835 259 976 308 perget
1008 255 1097 294 euri

521 316 854 369 aquilonibusque
886 319 927 355 et
957 315 1106 354 austris

426 385 493 418 120
507 376 785 430 ‚zephyrisque
817 375 1054 428 perferetur.

242 461 279 503 6.
313 474 418 515 ecce,
450 461 545 500 dum
579 473 726 513 quaero
761 459 857 512 quid
889 463 1039 512 cantes,
1071 459 1159 511 ipse
1191 458 1357 508 cantavi.
1419 455 1522 497 tales

151 524 257 562 enim
289 534 413 574 nugas
446 522 488 560 in
520 522 600 560 imo
634 521 776 560 scrinii
808 519 930 560 fundo
962 517 1144 559 muribus
1177 517 1399 571 perforatas
1430 521 1523 569 post

151 594 273 628 annos
300 583 463 621 circiter
488 582 629 633 viginti
653 580 815 633 profero
836 582 879 619 in
898 579 1042 633 lucem,
1063 578 1201 631 quales
1227 579 1316 631 pari
1340 582 1522 630 tempore

151 642 381 695 absentans,
421 653 511 681 cum
557 640 720 680 domum
752 640 889 693 rediit,
928 638 1064 680 Ulixes
1097 639 1279 679 invenire
1310 638 1521 691 potuisset.

114 717 130 743 5
149 702 317 755 proinde
355 706 466 755 pet0,
506 705 551 741 ut
587 700 867 753 praesentibus
904 699 1073 740 ludicris
1110 698 1284 739 libenter
1324 699 1521 751 ignoscas.

150 761 247 802 illud
272 774 366 801 vero
393 773 466 801 nec
498 760 724 801 verecunde
749 773 825 800 nec
850 760 1107 813 impudenter
1126 760 1306 813 iniungo,
1332 763 1389 812 ut,
1415 756 1522 810 quod

150 823 236 874 ipse
275 821 324 861 de
362 821 567 861 familiaris
606 822 687 860 mei
724 822 881 874 integro
920 819 1024 860 libro
1062 820 1338 873 pronuntiavi,
1369 817 1445 858 hoc
1477 821 1523 858 tu

152 883 266 934 quasi
299 881 534 921 sollicitatus
561 880 734 933 exempli
759 882 999 926 necessitate
1027 880 1075 920 de
1101 892 1191 920 meo
1213 880 1374 920 sentias.
1425 877 1523 918 vale.

779 1034 896 1078 XIV.

344 1116 571 1153 SIDONIUS
597 1115 942 1152 BURGUNDIONI
968 1116 1061 1153 SUO
1089 1115 1330 1164 SALUTEM.

101 1207 135 1233 10
246 1191 282 1233 1.
332 1192 554 1245 Dupliciter
593 1194 819 1247 excrucior,
858 1193 965 1246 quod
1002 1197 1187 1233 nostrum
1218 1196 1388 1245 uterque
1421 1190 1524 1232 lecto

154 1258 323 1293 tenetur.
387 1252 487 1293 nihil
529 1254 637 1293 enim
681 1258 743 1293 est
786 1254 947 1308 durius,
993 1265 1112 1306 quam
1157 1265 1249 1292 cum
1289 1256 1525 1305 praesentes

156 1314 273 1352 amici
305 1313 537 1353 dividuntur
563 1315 842 1354 communione
869 1313 1091 1367 languoris3
1125 1314 1272 1366 quippe
1300 1314 1336 1352 si
1362 1312 1528 1366 accidat,

156 1378 199 1413 ut
231 1385 305 1412 nec
337 1374 441 1413 intra
472 1386 598 1413 unum
632 1373 816 1414 conclave
849 1373 1102 1428 decumbant,
1133 1372 1243 1413 nulla
1269 1377 1363 1413 sunt
1392 1371 1526 1425 verba,

156 1432 263 1472 nulla
296 1432 458 1487 solacia,
496 1433 604 1473 nulla
643 1433 815 1486 denique
848 1436 979 1475 mutui
1010 1438 1147 1474 oratus
1178 1432 1433 1473 vicissitudo:
1471 1433 1527 1472 ita

104 1506 137 1532 15
158 1492 325 1545 singulis
358 1505 515 1533 maer-or
547 1495 702 1548 ingens,
734 1496 848 1547 isque
880 1494 972 1547 plus
1005 1494 1054 1534 de
1087 1493 1230 1548 alter03
1261 1505 1354 1533 nam
1385 1505 1529 1546 parum

156 1554 304 1606 possis,
350 1566 588 1606 quamquam
631 1559 670 1594 et
714 1555 916 1609 infirmus,
948 1553 1200 1607 periclitante
1233 1565 1354 1606 quem
1385 1552 1528 1605 diligas

122 1609 126 1614 ’
156 1612 229 1652 tibi
260 1614 414 1653 timere.
478 1613 516 1654 2.
564 1614 633 1654 sed
666 1614 765 1655 deus
798 1615 916 1669 mihi,
961 1614 1019 1654 fili
1057 1615 1350 1668 amantissime,
1381 1625 1454 1666 pro
1487 1617 1527 1652 te

155 1675 313 1725 paventi
344 1673 635 1714 validissimum
675 1674 909 1727 scrupulum
947 1676 1145 1728 excussit,
1196 1675 1290 1727 quia
1333 1674 1527 1726 pristinas

157 1734 303 1785 incipis
335 1734 440 1772 vires
474 1746 723 1786 recuperare.
782 1735 930 1775 diceris
963 1737 1071 1775 enim
1102 1736 1182 1775 iam
1222 1733 1323 1774 velle
1362 1745 1528 1773 consur-

62 1812 71 1819 ·
105 1805 139 1831 20
158 1804 271 1846 gere,
310 1793 495 1845 quodque
534 1793 623 1846 plus
663 1799 774 1848 opto,
812 1796 892 1834 iam
938 1807 1069 1848 posse.
1132 1807 1196 1834 me
1242 1798 1351 1834 certe
1395 1792 1530 1833 taliter

159 1851 333 1892 consulis
376 1857 415 1892 et
463 1853 730 1894 sollicitudine
775 1867 899 1907 prope
921 1899 923 1901 ,
949 1867 1175 1908 praecoqua
1213 1852 1530 1908 quaestiunculis

159 1911 382 1951 litterarum
414 1914 491 1952 iam
526 1915 640 1965 quasi
673 1927 721 1953 ex
748 1927 836 1954 asse
868 1920 1032 1967 vegetus
1065 1926 1242 1968 exerces,
1274 1913 1413 1954 audire
1438 1912 1530 1966 plus

160 1971 338 2011 ambiens
385 1974 460 2011 etsi
505 1973 632 2013 adhuc
683 1987 801 2026 aeger
848 1975 1040 2015 Socraten
1084 1976 1134 2015 de
1184 1973 1366 2014 moribus
1411 1985 1530 2026 quam

257 2088 290 2111 v.
314 2077 383 2110 120
407 2077 629 2120 pergeretur
655 2077 737 2112 PF
760 2082 794 2114 et
821 2080 929 2123 (corr.
956 2091 1001 2115 ea:
1026 2080 1207 2126 pergetur
1233 2077 1371 2123 M¹)M
1383 2079 1395 2123 ΙΙ
1415 2082 1436 2113 6
1462 2075 1531 2112 im-

98 2154 118 2179 .
160 2122 366 2168 prudenter
393 2126 464 2169 (pr.
485 2135 503 2157 r
522 2135 612 2160 eras.
638 2124 742 2170 0²)O'
756 2127 768 2171 ΙΙ
788 2129 808 2161 8
836 2127 1006 2172 exemplo
1030 2127 1083 2175 01
1107 2127 1154 2162 de
1180 2136 1265 2161 meo
1292 2124 1437 2161 sentias
1461 2135 1530 2161 om.

162 2171 193 2206 C
214 2172 226 2216 u
253 2174 295 2205 11
324 2172 383 2206 est
408 2182 475 2207 om.
505 2171 559 2217 G}
582 2183 694 2217 quam
720 2184 787 2209 om.
811 2174 850 2219 Ο,
876 2175 963 2211 add.
983 2175 1046 2210 M1
1074 2177 1086 2222 ΙΙ
1118 2178 1162 2211 12
1191 2173 1344 2210 accidat
1368 2184 1459 2210 corr.
1487 2184 1533 2209 ex

161 2218 318 2272 accedat
343 2219 406 2254 M²
437 2221 450 2265 ΙΙ
491 2223 535 2254 14
560 2219 666 2255 nulla
692 2223 779 2256 sunt
807 2221 950 2259 solacia
978 2223 1009 2259 G
1038 2225 1043 2269 ι
1078 2223 1210 2269 itaque
1236 2222 1274 2257 P
1300 2223 1313 2268 ss
1345 2224 1390 2256 16
1416 2232 1468 2257 an
1493 2222 1533 2256 et

160 2269 296 2313 ipse?1}
317 2270 361 2302 19
388 2278 608 2312 recuperare
633 2268 717 2315 OF,
743 2280 932 2305 resumere
951 2271 989 2306 P
1011 2275 1044 2307 et
1069 2273 1138 2316 ita,
1162 2275 1205 2307 ut
1229 2270 1335 2315 infra
1358 2273 1393 2305 et
1417 2279 1534 2315 supra

161 2314 226 2350 lin,
253 2326 389 2351 rasura
414 2316 475 2359 sit,
500 2315 551 2350 M
567 2317 578 2361 ΙΙ
598 2319 641 2351 21
670 2318 709 2352 et
735 2316 993 2354 sollicitudine
1018 2331 1132 2366 usque
1157 2319 1208 2355 ad
1232 2315 1534 2363 quaestiunculis

161 2373 228 2399 om.
251 2362 283 2399 Ο
303 2365 315 2409 [Ι
341 2367 386 2399 22
414 2373 564 2399 exerces
591 2366 621 2410 (s
648 2365 690 2400 in
715 2376 788 2402 ras.
810 2366 950 2412 M2)M‚
979 2377 1155 2403 exercens
1184 2366 1215 2403 0
1234 2367 1248 2412 ΙΙ
1273 2369 1318 2402 23
1346 2365 1534 2401 socratem
1572 2388 1576 2393 -
