1592 2612
137 122 191 166 78
611 116 759 153 Lmen
785 114 1024 160 QUARTUS.

134 224 363 264 devinctum
407 221 528 261 verbo
578 220 787 273 quaepiam
833 217 1007 258 cavenda
1051 214 1352 255 mandaveram:
1403 213 1512 254 dicto

133 286 315 337 paruisse
348 295 417 322 vos
449 281 613 334 gaudeo,
659 278 859 332 siquidem
891 276 1161 331 prudentibus
1188 275 1416 316 cordacitus
1448 275 1511 314 in-

134 346 254 384 situm
282 348 343 383 est
367 344 494 382 vitare
520 341 697 395 fortuita,
730 341 835 379 sicut
860 337 1001 378 itidem
1027 336 1260 390 absurdum,
1293 337 1328 376 si
1355 336 1512 388 coeptis

133 404 348 444 audacibus
387 403 620 442 adversetur
659 405 843 453 eventus,
881 410 1127 450 consurgere
1159 398 1202 437 in
1234 397 1511 449 querimonias

95 477 113 503 5
132 471 171 505 et
214 463 531 505 inconsultarum
576 461 888 514 dispositionum
930 458 1150 511 culpabiles
1189 458 1322 498 exitus
1361 456 1410 497 ad
1448 458 1510 497 in-

131 525 311 565 samanda
345 535 510 564 casuum
541 524 697 562 incerta
730 524 977 562 convertere.
1027 517 1065 559 2.
1099 516 1312 572 ‘quorsum
1338 512 1510 558 istaec‘P'

118 587 199 635 ais.
244 586 371 625 fateor
402 596 465 623 me
498 584 620 622 nimis
652 583 837 636 veritum,
868 593 919 621 ne
951 585 1133 632 tempore
1165 580 1325 620 timoris
1357 577 1510 631 publici

129 658 209 685 non
241 647 406 685 timeres
439 649 479 683 et
511 643 661 683 solidae
695 642 838 682 domus
871 641 918 681 ad
951 641 1027 680 hoc
1060 642 1148 681 aevi
1179 642 1421 680 inconeussa
1446 651 1509 679 se-

130 707 279 746 curitas
311 705 359 745 ad
384 709 682 757 tempestuosos
707 703 886 742 hostium
912 703 1100 742 incursus
1126 713 1200 754 pro
1226 700 1510 753 intempestiva

74 778 109 804 ιο
129 766 337 806 devotione
376 765 597 817 trepidaret
634 763 923 815 inchoaretque
962 762 1067 815 apud
1099 764 1328 802 animorum
1359 765 1508 801 matro-

127 826 277 866 nalium
303 825 619 866 teneritudinem
645 824 894 864 sollemnitas
921 824 1097 876 expetita
1122 822 1334 863 vilescere:
1368 833 1508 874 quam-

128 899 245 940 quam
272 888 315 926 in
339 885 572 939 pectoribus
599 885 818 932 earundem
844 885 898 924 ita
929 883 1007 924 sibi
1034 885 1088 924 sit
1114 885 1288 936 genuina
1315 883 1508 923 sanctitas

125 947 327 1000 peculiare
360 951 506 986 metata
545 945 811 999 domicilium,
849 950 911 998 ut,
951 946 986 984 si
1024 944 1120 997 quid
1155 956 1272 984 secus
1303 941 1508 984 viantibus

128 1008 352 1062 accidisset,
383 1007 601 1047 laetaturae
631 1006 782 1046 fuerint
809 1005 1009 1058 quoddam
1036 1017 1078 1044 se
1105 1017 1178 1057 pro
1205 1009 1381 1057 martyre
1407 1002 1507 1044 tole-

74 1080 107 1107 15
126 1080 237 1107 rasse
270 1069 519 1120 martyrium.
564 1071 625 1106 ast
651 1079 737 1119 ego,
769 1067 835 1106 cui
861 1066 1056 1105 maiorem
1082 1065 1348 1105 diffidentiam
1373 1065 1509 1104 minor

128 1130 357 1168 innocentia
395 1128 507 1181 facit,
553 1139 674 1179 super
717 1127 794 1166 hoc
839 1125 1026 1178 ambiguo
1072 1127 1296 1165 sententiae
1335 1125 1508 1165 cautiori

127 1187 318 1228 libentius
363 1188 605 1228 adhaeresco
650 1200 726 1227 nec
771 1186 988 1227 difficulter
1032 1186 1210 1239 applicor
1254 1187 1377 1226 etiam
1421 1189 1508 1225 tuta

127 1248 411 1288 metuentibus.
475 1247 514 1289 3.
554 1247 723 1300 proinde
762 1248 910 1287 sactum
948 1247 1052 1287 bene
1091 1251 1170 1301 est,
1213 1246 1319 1299 quod
1359 1257 1508 1298 anceps

127 1311 206 1350 iter
244 1308 460 1349 salubriter
498 1308 712 1348 distulistis
745 1320 876 1361 neque
908 1309 1014 1348 intra
1046 1308 1196 1348 iactum
1227 1311 1362 1347 tantae
1395 1305 1504 1346 aleae

73 1382 108 1408 20
128 1374 255 1409 status
286 1374 419 1410 tantae
458 1368 630 1409 familiae
669 1369 755 1408 fuit.
819 1373 859 1408 et
890 1368 986 1409 licet
1017 1368 1202 1408 inchoata
1233 1369 1297 1408 via
1327 1367 1509 1420 potuerit

126 1431 370 1484 prosperari,
402 1442 475 1482 ego
507 1434 641 1469 tamen
672 1429 904 1469 huiusmodi
937 1428 1106 1469 consilio
1140 1428 1275 1469 album
1307 1427 1506 1468 calculum

126 1491 290 1530 minime
317 1502 526 1544 apponam,
558 1491 673 1530 cuius
699 1491 907 1530 temeritas
933 1489 1086 1529 absolvi
1111 1490 1252 1542 nequit
1276 1490 1359 1528 nisi
1383 1488 1506 1528 bene-

127 1550 217 1591 ficio
256 1550 471 1593 felicitatis.
534 1550 644 1590 dabit
683 1550 846 1603 quidem
884 1550 978 1590 talia
1016 1555 1105 1590 vota
1145 1550 1333 1590 divinitas
1372 1549 1505 1601 dignis

128 1611 383 1651 successibus
415 1612 644 1663 promoveri
675 1610 893 1663 licebitque
926 1611 1055 1651 adhuc
1080 1611 1274 1651 horumce
1299 1614 1506 1650 terrorum

72 1682 106 1709 25
128 1671 201 1711 sub
244 1673 356 1724 pacis
394 1673 633 1711 amoenitate
672 1672 923 1725 meminisse3
969 1671 1039 1711 sed
1078 1671 1307 1724 praesentia
1351 1670 1506 1710 faciunt

127 1737 277 1786 cautos,
310 1744 410 1784 quos
442 1731 636 1772 videbunt
666 1732 800 1771 futura
828 1744 1005 1771 securos.
1050 1729 1089 1772 4.
1123 1732 1289 1771 interim
1314 1730 1362 1770 ad
1388 1742 1504 1783 prae-

127 1804 220 1832 sens
258 1794 417 1845 apicum
456 1791 609 1832 oblator
647 1792 790 1832 damna
822 1791 900 1831 sibi
936 1793 1147 1845 quaepiam
1178 1804 1252 1844 per
1284 1790 1503 1830 Genesium

125 1858 305 1892 vestrum
336 1852 487 1892 inflicta
521 1854 707 1905 suspirat.
759 1853 794 1892 si
826 1854 1024 1904 perspicis
1058 1865 1079 1892 a
1111 1864 1205 1892 vero
1239 1863 1321 1892 non
1351 1851 1503 1891 discre-

125 1925 220 1965 pare
255 1914 569 1966 querimoniam,
591 1912 737 1966 tribue,
771 1925 932 1966 quaeso,
966 1914 1220 1953 convincenti
1251 1911 1504 1952 reformatio-

69 1983 106 2011 30
125 1985 236 2027 nem,
274 1974 488 2026 peregrino
523 1972 781 2013 celeritatem.
840 1974 875 2012 si
906 1986 1000 2012 vero
1034 1973 1274 2013 calumniam
1305 1971 1503 2025 plectibili

221 2117 242 2148 2
270 2111 486 2148 cordacitus
513 2115 550 2156 (a
576 2124 668 2149 corr.
695 2114 738 2148 in
762 2112 1030 2159 iM²T2)LN
1032 2114 1079 2149 M
1087 2114 1128 2159 T,
1156 2112 1364 2149 cordicitus
1387 2111 1507 2149 GPF

79 2165 82 2168 ⁴
124 2162 134 2207 Ιμ
162 2165 182 2197 6
209 2160 330 2197 istaec
356 2161 408 2206 L,
441 2160 517 2196 ista
542 2160 612 2196 hec
638 2161 695 2207 N,
727 2160 805 2196 ista
829 2160 926 2196 haec
952 2162 1054 2208 MT,
1085 2163 1182 2197 haec
1207 2164 1289 2208 (om.
1316 2160 1407 2206 ista)
1436 2160 1468 2197 Ο
1490 2160 1504 2209 ΙΙ

124 2213 146 2246 8
170 2208 360 2245 timeretis
395 2209 437 2245 F
470 2210 482 2254 ΙΙ
521 2212 564 2244 11
586 2213 673 2255 post
705 2208 876 2255 expetita
907 2210 1193 2247 Wilamowitzio
1224 2211 1369 2246 hiatum
1399 2220 1503 2246 mon-

122 2262 263 2295 strante
295 2258 381 2294 add.
408 2256 600 2293 valescere
625 2256 773 2293 itineris
806 2256 1014 2294 difficultas
1041 2258 1224 2305 despecta
1248 2257 1500 2304 Luetffiharm,

121 2317 198 2343 ‘non
222 2309 315 2343 recte
352 2306 364 2352 fl
402 2308 449 2340 24
474 2304 681 2350 licebitque
708 2305 754 2341 N
759 2305 836 2351 GT,
869 2305 1081 2352 libebitque
1108 2307 1144 2342 L
1169 2310 1203 2343 et
1228 2311 1379 2352 praeter
1403 2305 1434 2341 li
1458 2307 1502 2342 in

122 2366 196 2392 raS.
218 2354 376 2400 M11125
404 2353 486 2400 sed]
515 2352 548 2388 si
576 2353 607 2390 Ο
621 2356 633 2400 ΙΙ
654 2356 698 2389 28
724 2354 896 2389 nostrum
921 2359 1031 2391 (corr.
1057 2357 1100 2391 in
1124 2356 1294 2391 vestrum
1320 2354 1502 2400 M2T²JL

121 2403 167 2440 Ν
171 2403 222 2439 Μ
228 2402 298 2439 GT
314 2403 326 2449 ΙΙ
345 2406 390 2438 29
417 2401 543 2438 tribue
570 2413 662 2438 corr.
689 2413 734 2438 επ
758 2401 877 2438 tribui
903 2402 966 2449 P2,
992 2403 1110 2440 tribui
1135 2402 1223 2440 LN
1226 2403 1273 2439 M
1283 2402 1381 2450 OTn
