1592 2612
126 148 249 185 XXIV
671 144 961 182 PRAEFATIO.

128 250 205 290 hoc
236 248 390 288 leniore
422 249 585 288 nomine
612 260 711 288 usus
738 251 809 288 est.
860 246 1089 287 Notandum
1114 252 1177 287 est
1194 246 1505 288 Wouwerenum

128 323 177 350 ex
211 306 394 362 ‘optimo'
429 320 501 348 suo
541 307 678 348 codice
717 320 791 360 pro
830 309 1088 349 oboedientes
1121 313 1381 358 patronoque
1411 320 1505 349 con-

129 372 231 411 tenti
256 368 436 409 attulisse
458 371 625 410 clientes
639 373 820 419 patrono
840 370 1032 422 contenti,
1065 367 1183 422 quod,
1215 367 1310 408 licet
1334 369 1505 409 reicien-

129 431 226 470 dum
271 431 341 483 sit,
390 434 527 469 tamen
576 429 808 468 testimonio
859 433 921 468 est
965 429 1086 468 etiam
1135 427 1346 468 librarium
1396 427 1506 469 illius

129 490 280 531 codicis
313 491 355 530 in
387 489 462 529 hoc
494 489 581 529 loco
621 488 848 529 offendisse.
883 511 938 516 -—
972 488 1031 542 IV,
1061 487 1128 542 10,
1154 488 1182 529 2
1213 490 1402 542 libellum,
1435 491 1509 539 qui

125 563 279 603 parum
323 552 475 591 cultior
519 555 579 590 est
621 561 762 589 verum
807 561 895 588 esse
941 548 1118 602 confido3
1169 548 1328 589 videtur
1371 554 1506 589 tamen

129 611 253 652 altera
286 610 403 651 lectio
436 622 519 660 qua
551 609 600 649 ad
633 609 835 662 duplicem
867 610 1109 662 scripturam
1141 610 1271 662 ipsius
1300 609 1506 662 archetypi

128 671 341 712 referenda
374 683 481 723 esse3
514 675 622 710 certe
650 670 756 722 quod
782 669 816 708 N
848 669 968 709 habet
994 672 1103 719 quia,
1137 670 1196 709 sic
1222 668 1410 710 facillime
1437 682 1506 710 ex-

129 732 312 785 plicatur.
353 754 409 758 ——
448 730 503 770 Ih.
538 729 730 770 suadente
768 728 1077 782 Engelbrechtio
1117 725 1161 784 (Ι.
1194 729 1218 769 l.
1251 742 1288 782 p.
1318 725 1394 785 10)
1431 732 1505 779 sic,

132 794 204 833 ubi
240 794 424 832 locorum
458 790 628 840 fueritis
667 791 832 844 scripsi3
870 801 1000 842 neque
1038 795 1173 830 tamen
1211 802 1275 830 me
1314 790 1416 842 fugit
1454 802 1505 830 ne

133 854 192 892 sic
234 851 397 904 quidem
439 863 599 890 omnem
638 849 913 890 difficultatem
953 849 1150 890 sublatam
1186 850 1316 890 videri
1353 845 1511 905 (sicubi

133 931 189 945 =
217 914 462 961 ubicumque
494 911 664 951 fortasse
690 910 812 950 Hilar.
838 915 887 950 tr.
916 923 944 949 s.
972 910 1111 962 psalm.
1138 923 1175 963 p.
1201 907 1303 964 545,
1328 906 1396 966 2);
1428 911 1507 950 nisi

132 975 205 1014 ubi
234 975 418 1013 locorum
449 971 556 1011 idem
595 983 684 1011 esse
724 970 983 1010 concedimus
1022 971 1127 1022 quod
1166 972 1423 1021 ubicumque.
1452 993 1507 999 —

132 1033 198 1087 ΙΙΙ,
227 1031 294 1085 11,
315 1031 342 1072 2
373 1031 504 1071 tribus
538 1030 637 1071 locis
664 1031 794 1071 facere
821 1042 902 1070 non
929 1032 1041 1083 potui
1068 1032 1166 1083 quin
1193 1043 1214 1070 a
1239 1030 1509 1084 Luetjohanni

132 1093 370 1133 recensione
421 1091 654 1131 recederem
711 1095 969 1143 veteremque
1026 1095 1180 1131 textum
1230 1092 1509 1131 restituerem:

132 1165 264 1206 neque
298 1165 389 1192 cum
422 1151 451 1190 F
483 1154 571 1192 sola
611 1150 899 1191 secludendum
936 1163 1067 1203 neque
1106 1156 1257 1191 statum
1294 1150 1509 1204 legendum

132 1219 229 1267 puto
263 1225 394 1265 neque
426 1225 521 1252 vero
554 1216 646 1264 post
677 1213 862 1252 omnibus
895 1211 1075 1251 additum
1101 1213 1344 1262 iniunqebat
1367 1211 1507 1264 probo,

132 1274 438 1314 Demonstratur
479 1273 585 1312 enim
627 1271 813 1324 plurimis
852 1271 1064 1325 exemplis,
1109 1271 1157 1311 de
1200 1271 1346 1324 quibus
1384 1284 1510 1312 unum

135 1335 278 1375 afferre
312 1335 409 1373 satis
442 1338 515 1386 est,
548 1345 608 1385 ep.
635 1332 681 1385 ΙΙ,
709 1330 748 1386 9,
775 1330 801 1373 6
835 1345 932 1373 ecce
964 1337 1003 1372 et
1035 1334 1087 1372 ab
1121 1334 1404 1382 archimaqiro
1437 1335 1509 1373 ad-

134 1400 317 1443 ventans,
349 1394 561 1446 participio
594 1394 819 1445 praesentis
851 1397 896 1432 ut
927 1392 1026 1432 alios
1060 1393 1278 1445 scriptores
1311 1393 1367 1432 ita
1393 1392 1509 1432 Sido-

135 1457 247 1495 nium
290 1466 408 1507 saepe
447 1454 501 1493 ita
539 1454 618 1506 uti,
662 1457 707 1492 ut
744 1465 765 1492 a
805 1452 925 1492 verbo
965 1453 1078 1492 finito
1116 1454 1181 1492 vix
1219 1452 1389 1492 differat.
1453 1452 1511 1493 Cf.

135 1517 256 1555 etiam
288 1513 474 1566 Engelbr.
503 1513 526 1552 l.
554 1513 577 1553 l.
604 1526 641 1565 p.
672 1512 707 1552 7.
742 1536 798 1540 ——
831 1512 885 1552 Ib.
914 1512 940 1554 3
973 1514 1122 1552 mirum
1160 1512 1258 1553 illud
1296 1515 1438 1563 quisve
1469 1514 1512 1553 in

135 1575 166 1615 L
200 1571 261 1631 (et
293 1576 477 1627 suspicor
506 1575 626 1613 etiam
652 1575 694 1612 in
721 1573 755 1612 N
781 1576 931 1626 quisve,
963 1585 1044 1612 non
1075 1575 1219 1623 quisae
1245 1573 1369 1613 fuisse
1395 1574 1512 1613 item—

137 1648 214 1688 que
258 1637 298 1674 in
339 1630 390 1690 V)
434 1646 674 1686 quamquam
715 1634 898 1686 recipere
940 1645 1062 1673 ausus
1102 1645 1183 1673 non
1228 1645 1335 1686 sum,
1378 1638 1512 1674 tamen

136 1697 300 1748 dignum
340 1699 402 1735 est
440 1694 546 1747 quod
585 1693 831 1734 observetur.
894 1693 1009 1746 Apud
1041 1693 1279 1733 Venantium
1317 1692 1511 1733 Fortuna-

136 1762 223 1797 tum
255 1762 339 1796 tres
372 1755 451 1794 loci
483 1759 630 1807 extant,
662 1753 732 1794 ubi
763 1756 903 1804 quisve
927 1755 969 1793 in
1001 1754 1315 1806 interrogatione
1334 1755 1511 1806 positum

136 1822 215 1857 est:
248 1829 367 1856 carm.
394 1814 475 1869 VII,
505 1814 571 1868 12,
598 1813 653 1855 27
688 1816 836 1864 quidve
863 1825 1010 1864 poema
1037 1816 1197 1865 potest?
1234 1812 1331 1867 V111,
1356 1811 1397 1867 3,
1424 1812 1509 1855 287

137 1879 285 1927 quidve
317 1879 465 1926 loquar
497 1877 713 1915 humilem?
752 1873 804 1913 ib.
832 1870 921 1915 305
959 1875 1107 1924 quidve
1139 1876 1319 1914 animum
1351 1875 1512 1915 dulcem

137 1939 387 1978 memorem?
461 1935 521 1975 An
577 1937 682 1976 enim
739 1933 1023 1986 interpolatum
1081 1946 1170 1973 esse
1221 1932 1514 1974 censebimus?

139 2021 195 2025 —-
253 1997 309 2037 lb.
349 1995 375 2038 6
427 1995 547 2036 verba
598 1997 686 2036 eius
737 1997 814 2035 hoc
870 2006 1039 2035 carmen
1090 1999 1150 2034 est
1199 1993 1514 2048 Gustafssonius,

136 2058 243 2097 haud
283 2059 365 2097 scio
404 2069 452 2096 an
493 2057 599 2109 iure,
638 2054 791 2095 secludi
828 2054 988 2094 mavult.
1022 2077 1079 2081 ——
1111 2054 1166 2094 Ib.
1198 2067 1233 2094 v,
1260 2053 1287 2096 3
1325 2056 1403 2096 hoc
1441 2056 1515 2095 dat

140 2121 320 2168 caespite
362 2118 545 2158 membra
590 2116 637 2156 cf.
684 2127 775 2155 cum
821 2114 1002 2167 Cyprian.
1043 2114 1139 2154 Gall.
1178 2114 1252 2154 Ies.
1290 2113 1385 2154 NaV.
1423 2111 1512 2156 573

135 2178 306 2228 functus
338 2179 483 2218 merito
511 2179 585 2217 dat
614 2177 796 2216 membra
827 2176 1069 2226 sepulchro;
1101 2177 1235 2215 dandi
1269 2175 1394 2227 igitur
1425 2186 1513 2214 ver-

139 2237 236 2277 bum
276 2237 382 2277 idem
422 2237 621 2290 significat
659 2236 764 2288 quod
803 2237 993 2276 condere.
1028 2258 1084 2262 —
1116 2234 1177 2287 IV,
1200 2233 1268 2288 12,
1291 2234 1313 2275 1
1348 2236 1514 2287 reposui

140 2297 441 2348 confunditur;
486 2298 533 2337 cf.
566 2295 753 2348 Engelbr.
794 2295 818 2335 l.
844 2294 867 2335 l.
900 2308 937 2347 p.
966 2293 1004 2336 8.
1038 2317 1095 2322 —
1128 2294 1188 2348 IV,
1222 2292 1277 2335 13
1310 2295 1430 2334 inser.
1464 2294 1514 2334 de

150 2358 287 2398 Vectio
319 2370 352 2397 V.
382 2370 441 2410 ep.
468 2357 529 2411 IV,
555 2355 595 2410 9,
623 2355 732 2396 1.—-
760 2355 820 2409 IV,
842 2353 911 2409 14,
930 2353 959 2395 4
991 2354 1293 2395 concedendum
1325 2359 1387 2394 est
1417 2367 1513 2405 que-

63 2407 77 2425 ⁴
140 2421 286 2459 reliam
318 2418 535 2467 effundere
567 2419 622 2457 ita
648 2417 800 2456 dictum
833 2428 934 2469 esse,
961 2420 1005 2455 ut
1031 2415 1079 2455 ab
1111 2416 1256 2455 usitata
1283 2415 1370 2455 eius
1402 2414 1517 2454 verbi
