1592 2612
0 0 255 44 fzffiwg„
303 0 308 18 ὲ
365 1 374 9 »’

327 121 557 159 SIDONIUS
583 121 837 159 EUCHERIO
865 121 957 159 SUO
985 121 1228 160 SALUTEM.
1411 123 1467 166 61

79 225 284 268 felicitatis
322 229 576 278 naturaeque
616 224 720 265 dona
758 224 1047 265 monstrabilis.
1111 224 1152 267 3.
1186 237 1343 266 summa
1361 238 1469 266 cen-

77 299 187 341 sura,
218 299 292 340 par
323 287 493 327 comitas
526 290 567 326 et
598 285 814 339 prudentia
845 286 1027 339 fidesque
1059 287 1185 326 misso
1212 288 1470 340 mittentique

78 349 344 402 conveniens3
377 346 480 387 nihil
507 347 738 387 affectatum
765 346 1078 400 simulatumque
1104 347 1359 401 ponderique
1386 360 1472 387 ser-

78 421 246 450 monum
276 419 371 448 vera
402 409 538 461 potius
572 409 767 448 severitas
800 420 921 460 quam
948 409 1176 448 severitatis
1208 409 1399 462 imitati03
1432 413 1474 448 et

80 482 170 524 nec,
195 474 240 510 ut
264 468 444 522 plurimi,
471 469 541 521 qui
569 480 662 508 cum
689 468 841 508 credita
868 468 1100 509 diffidenter
1123 468 1307 523 allegant,
1334 469 1474 509 volunt
1511 478 1528 506 5

81 530 211 571 videri
243 531 377 582 egisse
411 541 455 569 se
488 530 660 583 cautius,
693 529 763 569 sed
795 542 928 582 neque
957 542 1006 569 ex
1032 529 1114 584 illo,
1146 534 1191 570 ut
1216 530 1365 584 ferunt,
1398 542 1472 570 nu-

81 603 216 645 mero,
255 591 326 643 qui
359 594 517 630 secreta
549 589 797 642 dirigentum
836 591 1070 643 principum
1103 591 1357 631 venditantes
1391 603 1473 630 am-

82 651 202 692 biunt
238 663 262 691 a
299 650 483 691 barbaris
521 650 626 690 bene
668 652 732 703 agi
764 663 857 691 cum
895 651 1026 704 legato
1059 653 1195 704 potius
1229 664 1349 704 quam
1382 665 1474 692 cum

82 712 294 765 legatione.
356 708 398 751 4.
436 711 546 751 hunc
583 710 701 751 nobis
739 724 899 752 morum
937 713 1014 751 viri
1052 717 1238 752 tenorem
1271 712 1474 753 secundus

83 785 224 814 rumor
255 774 419 812 invexit.
469 771 656 812 mandate
688 773 930 826 perniciter,
964 774 999 812 si
1030 785 1126 813 vero
1160 773 1266 813 dicta
1299 785 1474 826 conqua-
1495 782 1530 809 10

84 834 220 888 drant,
257 838 304 873 ut
340 834 539 885 tantisper
577 845 599 873 a
630 832 818 885 pervigili
851 834 1023 873 statione
1056 835 1278 888 respirent,
1317 846 1420 887 quos
1453 846 1475 874 a

84 893 308 935 muralibus
347 892 529 934 excubiis
567 905 650 933 non
688 893 775 934 dies
813 893 1052 948 ninguidus,
1090 907 1172 934 non
1210 907 1290 934 nox
1323 894 1475 935 inlunis

85 960 127 996 et
158 954 320 996 turbida
352 955 537 1007 receptui
563 966 708 994 canere
735 954 1000 1009 persuadent3
1034 956 1140 1009 quia,
1173 957 1251 995 etsi
1277 955 1475 995 barbarus

87 1017 131 1056 in
156 1015 327 1056 hiberna
353 1015 560 1069 concedat,
586 1027 701 1067 mage
729 1015 922 1055 differunt
949 1028 1068 1068 quam
1095 1015 1327 1068 relinquant
1351 1015 1476 1056 semel

87 1076 307 1117 radicatam
339 1076 461 1116 corda
494 1075 763 1116 formidinem.
820 1075 980 1129 palpate
1013 1089 1087 1116 nos
1120 1078 1349 1131 prosperis,
1382 1078 1477 1130 quia
1497 1086 1531 1114 15

85 1142 226 1178 nostra
251 1149 333 1177 non
358 1141 442 1177 tam
467 1136 610 1190 procul
636 1141 698 1177 est
724 1149 746 1177 a
772 1135 887 1177 vobis
914 1149 1034 1177 causa
1055 1149 1176 1190 quam
1195 1139 1335 1191 patria.
1375 1137 1474 1178 vale.

721 1290 842 1334 VIII.

335 1373 564 1411 SIDONIUS
591 1373 843 1411 EUCHERIO
871 1374 963 1412 SUO
991 1375 1235 1413 SALUTEM.

188 1449 226 1492 1.
253 1451 434 1492 Veneror
453 1453 653 1506 antiquos,
678 1464 761 1492 non
780 1456 916 1493 tamen
937 1454 1003 1507 ita,
1029 1458 1075 1493 ut
1095 1455 1164 1506 qui
1184 1465 1480 1506 aequaevorum

93 1525 277 1553 meorum
309 1514 480 1552 virtutes
513 1517 582 1552 aut
606 1514 751 1552 merita
777 1518 1029 1566 postponam.
1074 1526 1206 1567 neque
1241 1515 1275 1554 si
1301 1513 1481 1554 Romana

93 1572 322 1626 respublica
361 1575 403 1612 in
441 1572 541 1613 haec
578 1574 838 1613 miseriarum
876 1578 1057 1614 extrema
1095 1574 1281 1628 defluxit,
1319 1579 1364 1615 ut
1397 1580 1481 1615 stu·
1500 1585 1536 1612 20

93 1634 232 1674 ‹liosos
259 1635 323 1674 sui
348 1645 568 1686 numquam
596 1638 894 1688 remuneretur,
925 1647 1007 1674 non
1034 1635 1187 1675 idcirco
1213 1635 1361 1675 Brutos
1381 1635 1479 1675 Tor-

95 1700 320 1747 quatosque
359 1706 442 1734 non
482 1695 647 1747 pariunt
685 1694 843 1734 saecula
881 1707 982 1735 mea.
1046 1692 1265 1748 ‘quorsum
1303 1694 1481 1736 istaec?'

98 1756 246 1808 inquis.
298 1755 348 1796 de
374 1760 413 1795 te
446 1755 547 1794 mihi
573 1755 621 1795 ad
648 1760 688 1795 te
722 1767 856 1795 sermo
889 1760 964 1810 est,
995 1757 1058 1796 vir
1090 1756 1384 1810 efficacissime,
1417 1758 1483 1797 cui

96 1815 217 1857 debet
242 1815 485 1869 respublica,
512 1816 618 1868 quod
647 1828 769 1869 supra
795 1816 915 1856 dictis
937 1816 1113 1857 solutum
1140 1816 1275 1857 laudat
1299 1817 1481 1857 historia.

96 1874 135 1916 2.
169 1881 415 1930 quapropter
453 1877 585 1929 ignari
623 1889 762 1916 rerum
800 1878 1017 1917 temeraria
1050 1877 1201 1918 iudicia
1234 1878 1483 1930 suspendant
1503 1887 1538 1914 25

98 1949 173 1977 nec
205 1941 467 1990 perseverent
500 1938 596 1977 satis
629 1941 698 1978 aut
730 1939 937 1990 suspicere
969 1939 1213 1991 praeteritos
1246 1943 1314 1978 aut
1346 1938 1481 1991 despi-

98 2009 192 2038 cere
211 2002 466 2052 praesentes3
493 1997 820 2051 quandoquidem
841 1997 955 2038 facile
983 1998 1169 2039 clarescit
1189 1998 1483 2052 rempublicam

195 2129 213 2162 1
242 2126 344 2162 dona
368 2128 607 2171 naturaeque
635 2126 667 2163 G
695 2128 708 2172 ΙΙ
741 2131 762 2163 6
790 2139 829 2163 se
859 2128 941 2164 secl.
970 2127 1212 2173 Iasetjohann
1234 2130 1239 2169 Ι
1262 2126 1331 2163 illo
1359 2128 1402 2163 ut·
1428 2128 1484 2163 fe-

95 2174 185 2209 runt
210 2174 300 2211 LN
309 2175 412 2220 VM,
446 2174 600 2210 illorum
631 2174 760 2211 ferunt
787 2175 819 2212 Ο
845 2177 858 2222 ΙΙ
891 2180 909 2212 7
938 2175 1187 2222 dirigentium
1212 2176 1263 2212 M
1269 2175 1300 2212 Ο
1326 2178 1338 2223 ΙΙ
1370 2180 1392 2212 8
1418 2177 1483 2213 alt.

98 2233 185 2257 cum
209 2234 278 2260 om.
307 2223 355 2268 V,
386 2234 415 2260 s.
443 2225 465 2260 l.
494 2223 580 2259 add.
603 2223 654 2258 Μ
661 2223 672 2244 ¹
698 2227 733 2260 et
765 2223 938 2261 Vatican.
961 2227 1059 2261 3421
1091 2236 1137 2260 m.
1159 2236 1220 2270 pr.
1253 2226 1266 2271 ΙΙ
1299 2227 1344 2260 14
1370 2224 1483 2261 relin—

100 2272 224 2315 quant
250 2271 491 2317 Imetjohann
508 2274 520 2317 ss
542 2275 584 2307 17
613 2275 728 2308 totam
758 2284 814 2318 ep.
841 2273 951 2309 VIII
970 2284 1039 2309 om.
1061 2273 1095 2308 T
1115 2275 1120 2317 Ι
1141 2274 1424 2319 inscriptionem
1447 2286 1484 2310 u.

98 2330 131 2355 v.
157 2331 190 2356 v.
217 2331 286 2356 om.
307 2320 343 2355 L
363 2322 375 2366 ΙΙ
403 2324 445 2356 18
473 2319 556 2367 qui]
584 2319 717 2366 utique
743 2321 820 2358 Leo
851 2323 864 2367 ΙΙ
896 2325 940 2357 22
966 2332 1054 2356 mea
1081 2320 1235 2356 saecula.
1262 2321 1295 2358 Ο
1324 2323 1329 2367 Ι
1364 2321 1486 2358 istaec

99 2367 148 2413 L,
173 2367 252 2404 ista
275 2368 346 2404 hec
372 2368 424 2414 N,
456 2367 535 2404 ista
559 2368 654 2404 haec
675 2369 726 2404 M
729 2368 761 2405 0
793 2371 806 2416 ΙΙ
844 2373 891 2405 24
916 2381 1010 2416 quae
1035 2373 1123 2416 post
1154 2368 1318 2405 historia
1350 2371 1417 2418 leq.
1444 2373 1487 2407 in

105 2416 229 2453 codice
247 2416 393 2454 Nanzii
418 2421 453 2454 et
478 2417 555 2454 cod.
583 2418 721 2463 optimo
748 2418 982 2455 Wouwereni
1003 2419 1086 2455 vide
1111 2419 1154 2454 in
1173 2419 1297 2466 praef.
1317 2421 1330 2466 ΙΙ
