1592 2612
112 150 198 194 102
590 146 737 183 LIBER
764 144 1005 190 QUARTUS.

110 251 255 291 litteris
289 251 514 303 imperavit,
554 253 599 289 ut
630 260 694 288 me
733 252 898 300 rogante
932 246 1111 286 creditor
1143 250 1278 286 vester
1310 245 1492 286 modicas

111 311 242 352 saltim
283 310 495 363 largiretur
533 309 720 349 indutias.
783 307 974 361 precibus
1014 307 1167 346 orantis
1209 307 1315 347 citus
1354 308 1492 361 annui,

111 373 204 425 quia
236 384 327 411 cum
358 370 527 410 Maximo
560 369 660 409 mihi
698 381 778 409 non
810 369 976 408 notitiae
1011 366 1141 406 solum
1174 379 1314 407 verum
1347 371 1388 407 et
1418 367 1492 407 ho-

111 433 221 485 spitii
251 436 385 471 vetera
416 432 513 470 iura.
547 431 670 482 igitur
702 429 751 469 ad
784 430 957 469 amicum
990 427 1121 467 libens
1149 439 1199 467 ex
1225 428 1372 468 itinere
1398 440 1492 482 per-

74 504 91 531 5
111 493 209 545 rexi,
242 503 480 544 quamquam
512 490 602 531 villa
635 502 716 530 non
748 490 886 542 paucis
917 501 1061 541 aggere
1088 501 1110 528 a
1136 487 1299 541 publico
1326 487 1492 529 milibus

109 552 278 592 abesset.
342 549 380 591 3.
413 556 457 591 ut
494 552 603 604 veni,
643 551 820 590 occurrit
857 549 957 589 mihi
995 551 1101 603 ipse,
1141 561 1262 602 quem
1301 561 1492 590 noveram

109 614 287 652 anterius
321 624 486 664 corpore
520 615 700 651 erectum
733 622 875 663 gressu
909 609 1154 662 expeditum,
1186 621 1283 650 voce
1317 608 1493 650 liberum

109 674 208 713 facie
240 672 459 725 liberalem,
491 671 661 711 multum
694 671 742 711 ab
769 672 933 724 antiquo
961 669 1171 710 dissimilis
1200 671 1375 711 incessu.
1419 670 1490 710 ha-

108 733 217 773 bitus
243 734 340 786 viro,
373 732 518 785 gradus
545 732 688 786 pudor,
714 731 823 771 color
851 743 983 771 sermo
1010 730 1239 785 religiosus,
1264 736 1352 771 tum
1378 743 1493 771 coma

55 805 89 832 10
107 793 252 847 brevis,
283 792 406 833 barba
438 792 605 847 prolixa,
637 792 817 845 tripodes
850 791 984 846 sellae,
1018 791 1188 832 Cilicum
1220 787 1307 832 vela
1333 791 1491 832 foribus

107 865 298 907 appensa,
336 853 463 893 lectus
501 852 559 892 nil
596 853 748 893 habens
786 852 965 906 plumae,
1004 864 1142 892 mensa
1180 851 1238 892 nil
1269 865 1488 906 purpurae,

106 914 331 954 humanitas
370 915 457 966 ipsa
490 915 547 953 sic
586 913 760 966 benigna
793 913 898 966 quod
939 913 1063 966 frugi,
1101 925 1177 953 nec
1210 914 1266 953 ita
1298 912 1492 953 carnibus

107 974 313 1014 abundans
345 979 390 1014 ut
420 973 707 1028 leguminibus3
740 979 868 1028 certe,
903 975 937 1013 si
970 973 1067 1026 quid
1100 974 1144 1013 in
1176 972 1280 1013 cibis
1312 974 1490 1027 unctius,

109 1046 188 1074 non
226 1034 303 1074 sibi
342 1034 411 1074 sed
449 1034 676 1087 hospitibus
715 1034 942 1086 indulgens.
1005 1032 1046 1074 4.
1086 1046 1179 1074 cum
1215 1046 1493 1087 surgeremus,

54 1106 88 1133 15
108 1094 210 1134 clam
241 1099 456 1147 percontor
482 1094 697 1149 adstantes,
732 1094 838 1148 quod
865 1107 993 1147 genus
1020 1095 1125 1134 vitae
1153 1094 1202 1134 de
1229 1094 1363 1134 tribus
1390 1095 1493 1134 arri-

108 1156 262 1207 puisset
300 1155 527 1208 ordinibus,
571 1156 812 1196 monachum
850 1160 988 1208 ageret
1026 1167 1077 1195 an
1116 1154 1309 1195 clericum
1352 1156 1492 1208 paeni—

106 1219 322 1255 tentemne.
385 1215 573 1256 dixerunt
604 1229 733 1269 nuper
772 1217 945 1269 impacto
979 1215 1205 1256 sacerdotio
1238 1216 1372 1270 fungi,
1412 1228 1492 1268 quo

107 1280 360 1315 recusantem
397 1276 561 1316 factiose
600 1276 763 1329 ligasset
802 1277 955 1316 civicus
989 1289 1112 1316 amor.
1176 1275 1265 1316 luce
1299 1275 1493 1331 revoluta,

108 1336 203 1375 dum
235 1338 351 1388 pueri
384 1335 631 1389 clientesque
665 1337 871 1390 capiendis
905 1336 1146 1377 animalibus
1179 1341 1494 1390 occuparentur,

55 1409 90 1435 20
109 1400 287 1436 secretae
329 1396 620 1437 conlocutionis
658 1403 750 1450 peto
791 1399 959 1450 copiam.
1028 1401 1224 1450 praestat:
1270 1397 1494 1450 amplector

108 1455 165 1496 nil
209 1458 437 1509 opinantem
482 1458 753 1511 gratularique
799 1470 862 1498 me
908 1459 1085 1511 primum
1133 1470 1206 1510 pro
1253 1459 1316 1498 sui
1362 1462 1493 1498 status

109 1517 221 1569 apice
254 1518 458 1571 confirmo,
490 1523 576 1558 tum
608 1523 904 1571 consequentes
937 1519 1088 1559 misceo
1121 1530 1276 1571 preces.
1323 1515 1363 1559 5.
1390 1518 1493 1558 Tur-

108 1578 240 1629 pionis
278 1579 407 1617 nostri
441 1583 579 1631 rogata
610 1579 790 1633 profem,
830 1579 958 1632 allego
991 1581 1274 1632 necessitates,
1314 1583 1493 1619 extrema

110 1636 286 1691 deploro,
320 1650 419 1690 quae
453 1638 617 1679 duriora
648 1639 922 1679 maerentibus
949 1641 1090 1680 amicis
1118 1639 1212 1679 hinc
1245 1639 1495 1693 viderentur,

58 1708 92 1736 25
113 1697 218 1749 quod
250 1698 411 1738 faenore
444 1698 589 1751 ligatus
623 1712 793 1752 corpore
827 1700 1069 1755 solveretur3
1108 1701 1364 1740 meminisset
1396 1711 1494 1752 ergo

109 1757 372 1810 professionis
406 1771 542 1813 novae,
576 1760 799 1800 sodalitatis
832 1762 1032 1815 antiquae,
1065 1764 1380 1813 exactorumque
1415 1761 1494 1800 cir-

111 1817 419 1858 cumlatrantum
457 1819 669 1860 barbaram
707 1821 939 1860 instantiam
985 1821 1152 1861 indultis
1194 1822 1395 1874 tantisper
1434 1822 1495 1860 in-

112 1878 234 1918 dutiis
265 1879 562 1933 moderaretur3
597 1885 647 1934 et,
681 1882 716 1920 si
749 1881 992 1921 decessisset
1025 1894 1156 1936 aeger,
1188 1880 1390 1921 tribueret
1421 1881 1493 1921 he-

112 1938 274 1978 redibus
307 1941 430 1979 annui
469 1939 601 1980 luctus
633 1945 792 1993 tempus
826 1942 1024 1996 immune3
1068 1943 1120 1995 si,
1160 1941 1267 1994 quod
1300 1946 1495 1995 optarem,

58 2010 93 2036 30
112 1999 323 2049 pristinam
342 1999 493 2052 Turpio
521 2000 690 2040 salutem
717 2007 1010 2056 recuperasset,
1043 2002 1273 2055 indulgeret
1299 2002 1495 2042 exhausto

111 2070 184 2110 per
222 2060 347 2099 otium
385 2059 614 2100 facultatem
654 2061 970 2101 convalescendi.
1042 2062 1081 2104 6.
1122 2062 1250 2103 adhuc
1291 2062 1496 2116 rogabam,

114 2130 205 2157 cum
237 2124 401 2171 repente
427 2121 488 2159 vir
514 2122 692 2160 caritatis
718 2121 815 2161 flere
842 2122 1048 2173 granditer
1075 2124 1208 2176 coepit
1233 2135 1315 2163 non
1340 2134 1497 2162 moram

115 2176 241 2217 debiti
274 2179 343 2218 sed
375 2180 602 2232 periculum
635 2181 848 2235 debitoris3
881 2182 1116 2236 frenatoque
1144 2183 1342 2236 singultu:
1376 2181 1498 2223 ‘absit

116 2249 136 2276 a
163 2234 256 2291 me',
288 2240 437 2293 inquit,
471 2237 531 2280 eut
563 2240 662 2281 haec
694 2254 903 2294 reposcam
936 2243 1107 2283 clericus
1140 2243 1188 2284 ab
1221 2256 1360 2297 aegro,
1393 2255 1495 2296 quae

215 2380 260 2413 10
286 2377 414 2414 cilicia
442 2378 494 2424 (ia
519 2381 563 2416 in
587 2392 660 2417 ras.
689 2384 712 2417 5
737 2382 807 2418 litt.
837 2381 893 2427 0²,
926 2394 994 2419 om.
1022 2383 1122 2431 vela)
1145 2384 1176 2420 O
1191 2386 1203 2431 ss
1224 2388 1269 2421 16
1297 2383 1498 2431 paeniten-

115 2427 242 2462 temve
269 2426 345 2463 Leo
364 2428 377 2473 11
