1592 2612
114 145 207 189 >118
604 145 753 182 LIBER
779 145 1005 190 QUINTUS.

119 248 277 289 dentiae
316 247 548 288 salubritate
588 252 807 300 contraque
849 247 942 287 lites
987 248 1280 303 iurgiosorum,
1325 249 1360 288 si
1398 261 1500 302 quae

118 313 341 362 moventur,
372 307 624 361 pactionibus
651 308 828 362 consule,
858 312 998 348 eontra
1022 307 1176 348 tributa
1202 308 1502 364 securitatibus,

117 381 168 409 ne
201 368 328 408 malus
359 369 477 408 homo
510 368 633 408 rebus
664 368 864 409 bonorum
895 368 958 408 vel
991 368 1098 421 quod
1130 373 1275 410 noceat
1302 368 1366 410 vel
1393 370 1500 423 quod

117 434 296 482 praestet
336 430 522 469 inveniat.
585 430 628 468 in
668 441 840 483 summa,
886 428 935 469 de
975 429 1170 470 Seronato
1208 431 1270 470 vis
1316 431 1500 484 accipere

81 500 98 526 5
120 489 216 541 quid
249 487 448 529 sentiam?
480 490 606 529 ceteri
638 489 763 542 affligi
793 502 868 543 per
900 491 1223 543 suprascriptum
1255 489 1402 531 damno
1434 503 1500 532 ve-

118 554 275 604 rentur3
307 550 405 589 mihi
437 549 604 590 latronis
639 555 678 590 et
709 550 906 591 beneficia
938 555 1127 604 suspecta
1160 555 1274 593 sunt..
1329 550 1427 592 vale.

749 704 868 748 XIV.

416 786 645 823 SIDONIUS
673 787 804 823 APRO
833 786 926 824 SUO
955 787 1197 825 SALUTEM.
1255 792 1258 794 ’

207 861 244 904 1.
273 864 456 905 Calentes
482 877 591 905 nunc
615 870 655 905 te
681 864 800 905 Baiae
828 870 868 905 et
894 864 1048 905 scabris
1076 866 1322 906 cavernatim
1347 869 1504 906 ructata

113 925 343 979 pumicibus
370 938 471 978 aqua
498 925 676 978 sulpuris
704 930 822 978 atque
849 927 1045 967 iecorosis
1073 938 1118 966 ac
1137 925 1501 979 phthisiscentibus

60 997 94 1023 10
114 986 314 1039 languidis
346 985 597 1026 medicabilis
632 988 789 1039 piscina
822 984 1025 1027 delectat?
1082 999 1133 1026 an
1165 980 1343 1027 fortasse
1369 998 1502 1027 mon-

113 1052 222 1086 tana
262 1046 402 1086 sedes
441 1048 627 1086 circum
665 1046 868 1087 castella
907 1051 948 1088 et
985 1048 1028 1087 in
1061 1046 1246 1100 eligenda
1279 1046 1374 1087 sede
1408 1059 1501 1100 per-

114 1107 215 1159 fugii
253 1106 453 1159 quandam
489 1109 639 1159 pateris
679 1120 728 1148 ex
759 1109 1031 1148 munitionum
1069 1108 1297 1160 frequentia
1330 1106 1503 1148 difficul-

115 1164 267 1207 tatem?
318 1167 509 1220 quicquid
536 1167 636 1207 illud
663 1174 736 1222 est,
763 1169 869 1221 quod
896 1168 959 1209 vel
986 1170 1067 1208 otio
1094 1167 1158 1208 vel
1182 1169 1346 1221 negotio
1372 1180 1503 1222 vacas,

114 1229 157 1267 in
189 1227 333 1267 urbem
363 1232 510 1282 tamen,
542 1230 622 1268 nisi
654 1229 842 1283 fallimur,
875 1230 1130 1282 rogationum
1163 1228 1502 1282 contemplatione

60 1298 94 1325 15
114 1287 366 1328 revocabere.
434 1287 473 1328 2.
513 1302 682 1342 quarum
720 1290 837 1330 nobis
877 1290 1188 1330 sollemnitatem
1225 1291 1383 1343 primus
1421 1288 1502 1329 Ma-

113 1353 268 1388 mertus
293 1354 407 1401 pater
434 1354 473 1389 et
498 1350 679 1402 pontifex
704 1352 1034 1391 reverentissimo
1060 1349 1257 1404 exemplo,
1283 1350 1501 1390 utilissimo

115 1410 391 1461 experimento
424 1410 576 1450 invenit
608 1412 784 1451 instituit
815 1413 977 1451 invexit.
1029 1416 1143 1451 erant
1177 1410 1342 1463 quidem
1374 1412 1502 1465 prius,

116 1469 223 1522 quod
265 1469 370 1509 salva
407 1470 502 1510 fidei
539 1484 637 1523 pace
682 1473 735 1512 sit
778 1471 943 1526 dictum,
981 1484 1102 1524 vagae
1147 1476 1334 1524 tepentes
1376 1471 1501 1511 infre-

116 1534 366 1582 quentesque
397 1535 522 1583 utque
556 1533 614 1572 sic
647 1531 819 1572 dixerim
852 1531 1140 1573 oscitabundae
1171 1532 1502 1585 supplicationes,

60 1601 96 1627 20
116 1602 219 1643 quae
265 1602 382 1643 saepe
427 1591 754 1644 interpellantum
800 1593 1064 1646 prandiorum
1109 1592 1294 1633 obicibus
1339 1592 1503 1633 hebeta-

115 1650 275 1704 bantur,
310 1653 481 1691 maxime
515 1657 582 1692 aut
614 1652 765 1693 imbres
799 1658 866 1694 aut
900 1655 1160 1694 serenitatem
1193 1653 1502 1707 deprecaturae3

114 1711 166 1751 ad
199 1723 311 1764 quaS‚
343 1717 387 1751 ut
418 1711 475 1751 nil
508 1713 678 1765 amplius
712 1714 854 1767 dicam,
886 1714 1008 1767 figulo
1036 1715 1189 1767 pariter
1215 1718 1334 1766 atque
1361 1713 1500 1753 hortu-

116 1771 201 1810 loni
231 1783 313 1811 non
346 1774 523 1824 oportuit
549 1775 775 1814 convenire.
828 1773 866 1815 3.
895 1776 938 1814 in
963 1775 1026 1814 his
1054 1779 1200 1828 autem,
1234 1786 1333 1826 quas
1362 1786 1502 1827 supra-

116 1832 222 1871 fatus
261 1844 442 1872 summus
481 1834 669 1873 sacerdos
707 1834 825 1874 nobis
865 1840 905 1874 et
942 1834 1111 1888 protulit
1149 1835 1302 1892 pariter
1335 1839 1375 1874 et
1407 1846 1502 1874 con-

58 1902 97 1929 25
118 1891 228 1946 tulit,
266 1893 470 1932 ieiunatur
503 1898 658 1947 oratur,
695 1894 880 1946 psallitur
918 1895 1050 1935 fletur.
1115 1895 1165 1935 ad
1197 1895 1296 1935 haec
1328 1899 1369 1934 te
1401 1894 1504 1935 festa

118 1953 323 1992 cervicum
366 1952 667 1994 humiliatarum
712 1960 752 1994 et
796 1957 1042 1996 sternacium
1087 1957 1236 1995 civium
1281 1956 1505 2008 suspiriosa

119 2012 383 2052 contubernia
427 2018 538 2067 peto3
584 2019 640 2068 et,
686 2016 721 2054 si
765 2015 987 2068 spiritalem
1031 2017 1210 2056 animum
1247 2020 1363 2055 tuum
1400 2014 1504 2055 bene

118 2074 277 2127 metior,
308 2073 428 2112 modo
461 2075 580 2113 citius
612 2076 762 2128 venies⁷
796 2076 954 2128 quando
986 2089 1069 2117 non
1101 2076 1149 2117 ad
1183 2075 1322 2129 epulas
1356 2076 1427 2116 sed
1454 2075 1504 2116 ad

119 2133 304 2173 lacrimas
339 2135 529 2173 evocaris.
581 2134 678 2174 vale.

219 2241 263 2273 10
289 2237 405 2282 Verg.
425 2237 517 2273 Aen.
540 2237 584 2283 V,
605 2241 677 2273 440
702 2240 885 2274 montana
910 2240 1019 2276 sedet
1046 2240 1188 2276 circum
1214 2239 1388 2276 castella.
1412 2285 1415 2288 η

217 2288 238 2320 8
266 2285 435 2322 calentes
462 2290 504 2322 ut
529 2297 547 2322 e
572 2287 677 2323 codd.
706 2286 866 2332 Savaro,
900 2288 1069 2325 caientes
1097 2289 1187 2325 LN
1189 2289 1241 2325 M
1247 2289 1296 2335 T,
1332 2287 1505 2324 caienses

126 2334 171 2381 V,
197 2333 371 2380 gaientes
398 2335 464 2381 (αη
489 2333 702 2380 galentesa)
733 2335 764 2371 G
784 2338 796 2380 ss
822 2340 842 2371 9
869 2336 1193 2381 phthisizentibus
1220 2338 1311 2374 Sittl
1335 2338 1347 2383 ΙΙ
1375 2340 1419 2372 16
1445 2346 1507 2372 re-

119 2381 396 2418 verendissimo
417 2382 658 2428 Luetjohann
676 2384 688 2429 Η
708 2387 753 2418 22
780 2383 976 2419 hortuloni
996 2386 1090 2430 LN,
1118 2385 1286 2422 ortuloni
1308 2384 1347 2431 Ο,
1373 2384 1507 2421 horto-

120 2430 210 2467 lano
226 2432 268 2476 T,
291 2430 465 2467 ortolano
489 2432 568 2476 (alt.
590 2435 624 2468 et
640 2436 736 2478 post.
753 2443 774 2468 o
795 2433 838 2468 in
850 2444 924 2469 ras.
942 2433 1084 2479 M2)M
1099 2436 1111 2480 ΙΙ
1130 2437 1176 2470 28
1198 2434 1351 2478 quando
1366 2433 1505 2477 LNT,
