1592 2612
133 128 220 171 100
611 120 757 158 LIBER
783 117 1022 164 QUARTUS.

125 229 291 281 scriptio
319 227 510 266 historica
536 223 696 264 videtur
722 221 862 262 ordine
883 233 904 261 a
924 223 1064 260 nostro
1085 217 1256 259 multum
1277 217 1510 271 abhorrere,
1567 250 1574 255 .

126 291 241 330 cuius
274 287 474 328 inchoatio
507 284 669 338 invidia,
701 282 948 323 continuatio
982 279 1107 333 labor,
1139 279 1232 319 finis
1266 283 1328 318 est
1360 277 1510 319 odium.

126 348 165 391 6.
218 347 288 389 sed
327 352 423 387 tunc
461 347 537 385 ista
574 344 835 397 proveniunt,
878 341 1037 381 clericis
1076 341 1113 380 si
1143 339 1296 392 aliquid
1334 338 1511 380 dictetur

127 408 376 461 auctoribus3
417 407 485 459 qui
517 404 739 445 colubrinis
773 402 1063 442 oblatratorum
1094 399 1316 440 molaribus
1348 400 1438 454 fixi,
1477 400 1513 439 si

91 482 109 510 5
129 469 224 523 quid
269 467 505 520 simpliciter
550 465 734 518 edamus,
778 463 928 516 insani,
973 463 1008 502 si
1053 460 1150 514 quid
1195 464 1353 515 exacte,
1395 472 1512 513 prae-

129 529 341 582 sumptiosi
371 538 570 567 vocamur.
628 531 668 565 at
700 526 736 564 si
768 528 813 564 tu
846 524 946 577 ipse,
979 523 1044 562 cui
1078 521 1215 562 datum
1247 525 1311 562 est
1343 520 1512 561 saltibus

129 589 277 642 gloriae
315 592 523 641 proterere
562 598 682 639 posse
722 585 900 625 cervices
940 584 1226 636 vituperonum
1265 594 1338 622 seu
1371 594 1513 635 super-

129 662 311 702 currere,
352 649 541 688 materiae
575 647 693 686 istius
727 645 857 685 libens
890 644 1140 698 provinciam
1173 643 1362 697 sortiare,
1394 654 1514 683 nemo

128 715 167 750 te
206 709 353 749 celsius
393 708 619 761 scripserit,
658 718 776 746 nemo
817 709 857 746 et
894 705 1118 758 antiquius,
1161 704 1321 744 etiamsi
1358 702 1515 756 placeat

77 784 110 810 10
130 771 308 810 recentia
352 768 483 821 loqui3
529 766 855 820 quandoquidem
895 777 1127 805 sermonum
1169 765 1286 817 copia
1323 763 1514 816 impletus

129 834 232 883 ante,
256 842 363 870 nunc
389 840 527 869 rerum
549 840 631 868 non
652 827 866 880 reliquisti,
893 839 966 866 cur
986 829 1180 866 venenato
1202 836 1342 865 morsu
1362 836 1514 865 secere.

129 895 246 943 atque
278 890 369 930 ideo
401 893 441 929 te
474 890 516 928 in
541 893 751 941 posterum
778 886 936 928 consuli
960 885 1128 941 utilitas,
1159 885 1291 926 audiri
1316 884 1513 939 voluptas,

130 951 209 1003 legi
241 951 457 991 auctoritas
489 950 577 989 erit.
629 948 726 989 vale.

742 1089 904 1133 XXIII.

388 1173 615 1210 smomus
641 1172 867 1210 PROCULO
895 1172 988 1209 suo
1016 1170 1261 1208 SALUTEM.

81 1263 116 1291 15
228 1248 265 1290 1.
304 1250 430 1291 Filius
462 1256 574 1304 tuus,
612 1252 735 1290 immo
768 1251 994 1290 communis
1033 1249 1082 1289 ad
1114 1261 1178 1289 me
1211 1249 1409 1302 cucurrit,
1449 1248 1519 1300 qui

135 1317 174 1351 te
206 1311 347 1351 relicto
380 1311 598 1364 deliquisse
632 1324 674 1351 se
707 1315 873 1365 maeret,
906 1310 1077 1350 obrutus
1102 1309 1337 1363 paenitendi
1364 1308 1518 1362 pudore

136 1371 361 1423 transfugii.
400 1372 522 1424 igitur
543 1371 677 1412 audito
700 1371 840 1424 culpae
861 1377 1002 1411 tenore
1025 1371 1204 1423 corripui
1223 1369 1519 1410 latitabundum

136 1431 268 1471 verbis
301 1433 446 1471 amaris
484 1432 597 1472 vultu
628 1434 775 1472 minaci
807 1438 847 1472 et
878 1444 968 1471 mea
1001 1431 1164 1484 quidem
1196 1443 1295 1471 voce
1328 1429 1400 1470 sed
1431 1430 1519 1470 vice

137 1497 205 1532 tua
246 1492 411 1544 dignum
449 1492 699 1533 abdicatione
739 1505 859 1533 cruce
900 1491 1028 1533 culleo
1075 1491 1251 1532 clamans
1291 1491 1519 1543 ceterisque

83 1566 119 1591 20
140 1551 348 1605 suppliciis
373 1552 692 1605 parricidalibus.
744 1553 793 1593 ad
819 1553 917 1593 haec
937 1552 1005 1593 ille
1027 1553 1220 1593 confusus
1241 1550 1436 1605 inrubuit,
1462 1550 1521 1591 nil

138 1612 361 1665 impudenti
393 1615 648 1654 excusatione
682 1614 920 1666 deprecatus
955 1625 1156 1667 errorem,
1190 1612 1262 1652 sed
1294 1612 1343 1652 ad
1375 1615 1522 1652 cuncta

140 1674 363 1713 convictum
402 1686 493 1713 cum
530 1674 835 1728 redarguerem,
879 1674 1146 1714 verecundiae
1185 1674 1318 1713 iunxit
1352 1673 1521 1713 comites

140 1732 323 1773 lacrimas
361 1735 416 1773 ita
454 1734 630 1786 profluas
667 1734 924 1787 ubertimque
962 1739 1189 1788 manantes,
1227 1738 1273 1774 ut
1308 1737 1521 1773 secuturae

141 1794 382 1833 correctioni
420 1794 540 1834 fidem
578 1795 759 1834 fecerint.
824 1793 862 1835 2.
895 1807 992 1847 rogo
1032 1807 1128 1848 ergo
1169 1796 1226 1834 sis
1264 1793 1442 1834 clemens
1480 1794 1524 1832 in

89 1866 123 1892 25
144 1866 185 1892 se
219 1866 359 1893 severo
392 1858 432 1893 et
463 1854 584 1894 deum
616 1867 790 1907 sequens
816 1868 897 1894 non
929 1854 1076 1895 habeas
1108 1860 1148 1895 te
1175 1854 1309 1895 iudice
1336 1866 1452 1894 reum
1478 1865 1522 1893 se

143 1914 354 1965 profitente
387 1914 673 1969 damnabilem3
707 1928 827 1967 quem
860 1917 894 1955 si
921 1915 1099 1956 inaudita
1125 1927 1274 1969 genera
1299 1925 1523 1968 poenarum

143 1972 281 2013 iubeas
313 1975 545 2014 inexoratus
577 1977 776 2029 excipere,
808 1988 889 2015 non
920 1980 1054 2028 potest
1079 1976 1250 2029 amplius
1282 1987 1357 2028 per
1387 1979 1428 2015 te
1455 1974 1523 2014 do-

145 2033 227 2072 lore
261 2047 380 2086 quam
411 2047 485 2087 per
517 2047 559 2075 se
593 2035 746 2088 pudore
779 2038 971 2088 torqueri.
1029 2036 1156 2077 libera
1187 2040 1300 2076 metu
1331 2035 1520 2088 despera—

145 2094 296 2133 tionem
322 2107 447 2148 suam,
473 2095 600 2135 libera
620 2095 903 2136 confidentiam
922 2109 1052 2136 meam
1073 2102 1125 2151 et,
1152 2098 1313 2150 pietatis
1333 2099 1525 2149 paternae

92 2167 128 2193 30
147 2156 428 2194 necessitatem
467 2157 503 2195 si
533 2155 637 2195 bene
668 2157 933 2210 interpretor,
974 2162 1013 2196 te
1046 2170 1206 2211 quoque
1239 2155 1418 2210 absolve,
1457 2156 1527 2208 qui

246 2262 266 2293 7
285 2259 477 2303 proterere
497 2259 624 2295 LNT
639 2260 701 2304 V¹‚
722 2259 907 2305 preterire
927 2262 982 2296 vel
1000 2260 1208 2307 praeterire
1226 2260 1370 2297 V²MG
1389 2261 1395 2303 Ι
1417 2269 1527 2305 posse

146 2316 215 2342 om.
245 2306 279 2341 T
295 2309 306 2353 ΙΙ
326 2309 347 2341 8
373 2306 491 2352 ipsius
520 2307 552 2344 Ο
566 2309 578 2354 ss
599 2311 619 2342 9
647 2308 686 2343 et
711 2308 759 2353 L,
785 2319 865 2354 exp.
887 2308 933 2343 N
936 2310 958 2353 ¹,
983 2320 1052 2345 om.
1072 2309 1198 2346 MGT
1214 2311 1226 2355 ΙΙ
1247 2312 1293 2345 14
1318 2309 1429 2345 inser.
1457 2319 1525 2344 om.

147 2353 185 2389 L
202 2356 215 2400 Η
240 2359 285 2390 27
313 2354 442 2390 dolore
470 2358 578 2401 (post.
605 2367 626 2391 o
653 2356 696 2391 in
719 2367 794 2392 ras.
816 2356 897 2401 M1)
908 2356 967 2402 M,
993 2357 1121 2394 dolere
1151 2357 1180 2394 Ο
1203 2359 1215 2404 ΙΙ
1243 2360 1291 2392 30
1315 2355 1527 2393 necessita-

147 2407 225 2438 tem
251 2402 345 2449 LN,
372 2404 602 2440 necessitate
628 2404 678 2440 M
685 2404 755 2440 GT
772 2406 783 2451 ΙΙ
