1592 2612
123 149 150 191 6
621 143 770 180 LIBER
795 141 990 179 PRIMUS.

123 260 304 289 acroama
338 247 457 287 simul
490 248 661 299 intonat,
693 244 827 285 nullus
861 243 919 284 ibi
945 243 1106 295 lyristes
1133 239 1343 282 choraules
1369 251 1502 280 meso-

122 309 268 349 chorus
300 308 579 361 tympanistria
610 305 776 359 psaltria
809 305 928 358 canit,
960 315 1054 355 rege
1088 301 1219 342 solum
1244 300 1327 341 illis
1353 299 1502 341 fidibus

123 369 306 422 delinito,
346 367 492 420 quibus
530 379 611 407 non
642 367 776 406 minus
809 364 958 405 mulcet
995 365 1124 403 virtus
1162 363 1343 403 animum
1382 373 1503 414 quam

124 434 264 469 cantus
303 428 494 468 auditum.
566 425 633 468 10.
673 439 765 467 cum
804 425 1044 478 surrexerit,
1082 423 1245 464 inchoat
1282 427 1502 462 nocturnas

89 505 105 530 5
129 489 256 530 aulica
288 502 381 542 gaza
413 487 632 542 custodias3
671 487 813 527 armati
851 487 984 538 regiae
1017 485 1160 525 domus
1193 482 1370 524 aditibus
1402 483 1502 523 assi-
1577 499 1581 503 ·

125 554 254 603 stunt,
289 549 434 602 quibus
467 548 588 588 horae
621 548 743 601 primi
776 547 933 599 soporis
972 544 1254 598 vigilabuntur.
1319 543 1389 583 sed
1423 544 1503 584 iam

124 610 220 662 quid
252 622 362 650 meas
394 609 503 649 istud
535 608 583 648 ad
615 612 772 661 partes,
812 608 881 659 qui
912 606 987 646 tibi
1019 604 1232 646 indicanda
1263 616 1344 645 non
1376 602 1522 644 multa-

124 670 172 710 de
217 682 341 722 regno
388 669 457 709 sed
501 681 627 722 pauca
672 668 720 708 de
763 679 856 720 rege
898 664 1097 719 promisi?
1160 664 1280 705 simul
1324 669 1365 705 et
1410 663 1501 704 stilo

126 730 245 770 finem
278 730 367 770 fieri
399 729 525 783 decet,
558 730 653 782 quia
685 733 725 768 et
755 734 800 768 tu
833 739 1075 780 cognoscere
1108 727 1185 766 viri
1216 737 1298 766 non
1330 723 1502 778 amplius

70 810 105 835 10
125 802 243 842 quam
282 790 412 830 studia
457 801 750 843 personamque
789 787 951 828 voluisti
989 792 1029 828 et
1066 799 1139 840 ego
1178 799 1260 826 non
1291 785 1503 826 historiam

125 850 193 890 sed
226 850 438 903 epistulam
471 851 630 890 efficere
665 850 811 889 curavi.
875 848 972 889 vale.

771 1002 849 1046 ΙΙΙ.
875 997 880 1003 ’

359 1085 587 1122 stooNqu
613 1085 868 1122 FILIMATIO
896 1084 989 1121 suo
1019 1082 1260 1120 SALUTEM.
1303 1066 1305 1069 ’

217 1174 253 1215 1.
286 1174 303 1214 I
335 1187 441 1214 nunc
475 1179 514 1214 et
546 1173 702 1226 legibus
734 1187 798 1214 me
832 1173 1006 1214 ambitus
1038 1174 1331 1225 interrogatum
1359 1177 1502 1212 senatu

124 1247 255 1288 move,
300 1247 372 1274 cur
411 1234 690 1287 adipiscendae
730 1234 917 1287 dignitati
955 1233 1221 1273 hereditariae
1261 1233 1371 1273 curis
1410 1245 1501 1286 per-

70 1313 104 1340 15
124 1294 311 1348 vigilibus
345 1294 592 1348 incumbam,
632 1296 697 1334 cui
728 1299 843 1347 pater
882 1306 1016 1348 socer,
1055 1306 1150 1334 avus
1183 1305 1356 1346 proavus
1387 1305 1503 1346 prae-

125 1356 290 1395 fecturis
322 1355 487 1395 urbanis
518 1356 878 1409 praetorianisque,
910 1355 1154 1406 magisteriis
1180 1353 1371 1394 Palatinis
1397 1353 1503 1393 mili-

123 1415 357 1467 taribusque
391 1417 630 1455 micuerunt.
694 1413 732 1455 2.
767 1420 806 1455 et
838 1427 932 1455 ecce
966 1414 1216 1454 Gaudentius
1248 1426 1377 1468 meus,
1409 1413 1503 1454 hac-

123 1481 241 1516 tenus
285 1480 441 1515 tantum
485 1472 750 1529 tribunicius,
795 1477 1032 1515 oscitantem
1076 1479 1310 1515 nostrorum
1355 1476 1503 1515 civium

124 1535 319 1575 desidiam
363 1537 563 1575 vicariano
615 1537 726 1588 apice
771 1535 1031 1576 transcendit.
1106 1536 1294 1575 mussitat
1339 1534 1504 1588 quidem

69 1615 105 1641 20
126 1597 314 1635 iuvenum
352 1601 583 1636 nostrorum
623 1596 770 1636 calcata
809 1597 1077 1649 generositas,
1123 1595 1193 1636 sed
1234 1597 1303 1648 qui
1337 1597 1505 1650 transiit

124 1655 379 1709 derogantes,
424 1658 465 1696 in
509 1656 584 1696 hoc
624 1656 753 1697 solum
791 1661 992 1710 movetur,
1036 1661 1081 1696 ut
1127 1655 1308 1708 gaudeat.
1378 1657 1504 1709 igitur

123 1720 366 1755 venerantur
415 1716 622 1769 hucusque
674 1721 949 1770 contemptum
993 1729 1039 1756 ac
1087 1716 1243 1756 subitae
1289 1721 1501 1770 stupentes

124 1775 227 1815 dona
266 1776 465 1827 fortunae,
509 1789 628 1828 quem
667 1789 861 1817 consessu
899 1776 1193 1831 despiciebant,
1236 1776 1331 1817 sede
1371 1778 1503 1830 suspi-

124 1837 246 1876 ciunt.
319 1835 386 1875 ille
433 1836 563 1876 obiter
609 1842 848 1877 stertentum
893 1836 1182 1877 oblatratorum
1227 1849 1346 1877 aures
1390 1838 1505 1878 rauci

70 1915 105 1942 25
124 1908 220 1944 voce
252 1898 463 1948 praeconis
496 1896 716 1951 everberat,
750 1899 819 1949 qui
850 1899 892 1936 in
926 1910 1018 1937 eum
1047 1896 1142 1937 licet
1168 1896 1343 1938 stimulis
1369 1898 1503 1938 inimi-

125 1956 277 1996 calibus
305 1958 542 2010 excitentur,
569 1959 741 1996 scamnis
768 1962 902 1997 tamen
930 1957 1164 1998 amicalibus
1191 1957 1503 2010 deputabuntur.

124 2014 163 2057 3.
197 2016 303 2056 unde
335 2021 375 2056 te
416 2018 536 2056 etiam
574 2030 646 2069 par
685 2017 805 2057 fuerit
843 2017 1054 2070 privilegio
1087 2017 1351 2058 consiliorum
1388 2030 1503 2071 prae-

124 2076 314 2130 fecturae,
340 2077 382 2116 in
409 2089 510 2129 quae
537 2077 813 2129 participanda
840 2077 1084 2132 deposceris,
1111 2079 1310 2130 antiquati
1335 2078 1507 2118 honoris.

933 2152 965 2178 e

222 2232 242 2263 3
270 2227 439 2263 delenito
454 2227 693 2273 Imetjohann
711 2229 724 2274 ss
744 2231 765 2263 5
792 2240 888 2275 gaza,
907 2230 972 2266 vim
991 2241 1125 2266 sanum
1143 2232 1156 2277 ΙΙ
1177 2233 1221 2265 12
1241 2229 1503 2266 Philomathio

131 2275 379 2312 Wilamowz'ta
404 2277 416 2322 ΙΙ
441 2279 487 2311 20
515 2276 665 2312 calcata
689 2279 759 2323 (sp.
780 2279 806 2313 2
833 2278 902 2314 litt.
929 2283 1025 2324 vac.)
1049 2278 1236 2314 nerositas
1265 2280 1334 2324 (sp.
1358 2279 1408 2314 17
1433 2278 1504 2314 litt.

124 2328 220 2369 vac.)
237 2322 333 2359 nsiit,
353 2323 442 2359 dero
471 2326 541 2371 (sp.
563 2327 610 2360 13
637 2325 707 2361 litt.
727 2327 822 2370 vac.)
850 2324 923 2361 hoc
943 2326 994 2370 L;
1022 2326 1178 2362 transiit
1198 2325 1250 2370 F,
1275 2325 1417 2362 transit
1443 2327 1506 2371 (ex

123 2371 295 2416 transiit,
334 2376 378 2408 ut
408 2373 483 2409 vid.
511 2372 639 2417 N¹)N
641 2373 692 2408 M
697 2372 766 2409 OT
795 2376 807 2418 ΙΙ
840 2377 885 2408 26
919 2373 1204 2420 deputabuntur
1235 2374 1324 2420 LV,
1362 2374 1507 2420 deputa

124 2421 274 2457 *ntur
294 2420 345 2467 N,
373 2419 608 2467 deputantur
627 2421 678 2456 M
686 2421 716 2458 0
722 2421 756 2457 T
772 2423 783 2468 ΙΙ
804 2425 848 2457 28
870 2433 967 2467 quae
987 2421 1257 2469 participanda
1276 2422 1362 2469 LV,
1390 2433 1507 2468 quam
