1592 2612
643 110 850 148 CARMEN
874 110 920 147 V.
1386 110 1473 155 261

118 221 188 256 135
215 214 396 266 germani
427 207 519 266 plus
550 218 680 253 morte
713 213 839 268 nefas,
871 212 967 253 dum
999 212 1141 252 funere
1173 217 1326 266 pugnat

214 278 255 314 et
285 273 452 314 fratrem
485 273 564 314 sibi
594 273 675 314 tela
706 273 819 328 facit3
851 273 914 313 vel
946 285 1038 314 cum
1071 272 1207 313 obruit
1238 274 1373 326 ignem

214 339 424 375 taurorum
455 333 547 387 plus
579 335 666 387 ipsa
699 333 835 374 calens
867 335 1047 386 texitque
1079 338 1323 374 trementem

214 394 359 448 frigida
390 394 549 435 flamma
581 396 726 448 virum,
759 407 880 447 quem
913 394 1154 435 defendente
1187 406 1342 434 veneno

214 457 323 496 inter
353 454 568 508 flagrantes
599 455 818 508 perhibent
850 454 991 495 alsisse
1025 456 1228 495 iuvencos.

119 524 188 558 140
214 528 311 568 ergo
343 517 468 556 animi
499 515 651 556 dudum
683 517 913 570 impatiens,
944 520 1158 568 postquam
1190 515 1317 555 audiit
1349 515 1418 555 isti

212 577 430 629 imperium
462 581 503 617 et
534 576 699 630 longum
731 578 866 630 statui,
897 576 1045 616 laniata
1077 575 1249 616 lacertos

212 636 453 691 ingreditur,
486 650 564 690 qua
596 642 720 678 strata
751 638 842 691 viri,
873 649 1092 689 vocemque
1126 636 1328 677 furentem

212 697 276 738 his
308 699 478 750 rumpit:
511 694 671 738 ‘secure
704 699 825 751 iaces,
859 696 982 737 oblite
1014 703 1190 750 tuorum,

215 770 238 798 o
269 759 404 811 piger:
437 763 480 799 et
510 758 661 799 mundo
694 759 886 811 princeps
919 753 999 813 (sic
1032 757 1191 798 saecula
1222 752 1416 813 poscunt)

118 826 187 860 145
214 818 458 859 Maiorianus
492 820 589 874 erit3
622 818 796 859 clamant
827 818 903 859 hoc
937 818 1069 858 sidera
1102 819 1242 872 signis,

215 879 292 919 hoc
323 879 510 919 homines
541 881 656 920 votis.
719 880 789 919 isti
821 879 918 931 quid
951 878 1084 919 sidera
1115 891 1278 932 quaem,

216 940 342 980 satum
375 939 485 980 aliud
517 941 584 980 cui
617 940 712 980 fecit
744 937 886 980 amor?
918 938 977 979 nil
1008 939 1153 979 fortius
1185 938 1264 979 illo.

217 1005 258 1040 et
288 1012 392 1053 puer
424 1005 485 1040 est
518 1000 688 1053 cupidus
726 1012 965 1054 numquam,
1007 999 1079 1040 sed
1110 1012 1256 1053 parcus
1289 998 1478 1053 habendi,

215 1073 371 1114 pauper
402 1060 532 1101 adhuc
565 1062 644 1101 iam
677 1063 832 1114 spargit
863 1073 973 1114 opes,
1005 1062 1183 1113 ingentia
1217 1059 1359 1100 suadet

121 1129 191 1162 150
221 1120 390 1161 consilia
423 1126 463 1162 et
495 1123 691 1176 sequitur,
722 1126 851 1162 totum
885 1120 992 1174 quod
1026 1122 1175 1173 cogitat
1206 1120 1330 1161 altum
1362 1125 1436 1175 est,

215 1185 333 1234 urget
365 1182 472 1235 quod
505 1186 652 1235 sperat.
716 1182 856 1222 ludum
890 1183 925 1222 si
957 1181 1060 1221 forte
1092 1186 1284 1236 retexam,

217 1244 481 1296 consumpsit,
514 1242 707 1296 quicquid
739 1242 882 1283 iaculis
915 1243 1059 1282 fecisse
1092 1243 1261 1295 putaris,

218 1304 338 1343 istius
370 1315 450 1343 una
483 1303 587 1344 dies:
619 1303 750 1344 tribus
782 1303 890 1343 hunc
921 1308 1125 1343 tremuere
1158 1304 1315 1355 sagittis

216 1365 372 1417 anguis,
406 1376 561 1417 cervus,
593 1377 701 1417 aper.
764 1376 846 1404 non
879 1365 938 1404 sic
970 1363 1131 1403 libravit
1162 1364 1204 1403 in
1236 1363 1394 1403 hostem

121 1431 189 1464 155
217 1423 383 1477 spicula,
416 1425 486 1476 qui
516 1429 609 1464 nato
643 1426 844 1477 serpentis
877 1436 1047 1476 corpore
1080 1425 1212 1463 cincto

215 1483 306 1536 plus
338 1485 485 1538 timuit,
517 1496 609 1524 cum
643 1486 857 1538 succurrit,
889 1484 984 1524 dum
1017 1483 1189 1524 iactibus
1222 1484 1351 1523 isdem

215 1545 425 1584 interitum
457 1545 660 1597 vitamque
693 1545 807 1584 daret
839 1543 1104 1596 stabilemque
1138 1549 1297 1584 teneret

214 1604 334 1645 corde
366 1609 566 1645 tremente
598 1617 775 1659 manum,
807 1609 1011 1657 totamque
1044 1605 1174 1644 exiret
1205 1606 1247 1644 in
1280 1609 1409 1644 artem

215 1677 286 1718 spe
318 1666 507 1718 propiore
540 1670 685 1719 metus,
718 1665 817 1705 dans
850 1667 957 1705 inter
988 1664 1168 1704 membra
1202 1664 1374 1705 duorum

124 1734 189 1768 160
217 1727 339 1766 unius
371 1730 555 1765 mortem.
618 1725 741 1766 libeat
773 1726 991 1766 decernere
1025 1730 1179 1766 caestu:

217 1787 341 1827 cessit
372 1785 479 1838 Eryx
512 1785 685 1840 Siculus,
717 1786 840 1832 simili
871 1799 946 1827 nec
979 1785 1116 1826 floruit
1148 1790 1233 1825 arte

215 1846 369 1900 Sparta,
400 1846 661 1899 Therapnaea
694 1846 871 1899 pugilem
904 1859 996 1887 cum
1028 1846 1224 1899 gymnade
1257 1846 1451 1899 pinguem

215 1911 364 1948 stratus
397 1906 605 1959 Bebryciis
636 1907 812 1960 Amycus
846 1908 1030 1960 suspexit
1060 1906 1235 1946 harenis.
1312 1925 1321 1938 ο

215 1969 285 2021 qui
315 1969 428 2020 vigor
460 1968 502 2007 in
533 1966 721 2020 pedibus!
757 1967 908 2008 frustra
942 1967 1021 2007 sibi
1053 1972 1171 2007 natus
1204 1965 1332 2007 Oselte

123 2037 189 2070 165
219 2028 420 2068 Sicaniam
451 2027 595 2068 tribuit
626 2027 812 2083 palmam,
843 2028 1079 2081 plantasque
1113 2027 1308 2085 superbas

220 2088 327 2128 haud
362 2090 415 2128 ita
447 2101 521 2140 per
553 2089 701 2128 siccam
734 2088 912 2129 Nemcen
945 2090 1050 2129 citus
1083 2087 1225 2128 extulit
1257 2088 1394 2141 Arcas,

222 2150 337 2189 cuius
371 2150 413 2188 in
445 2148 583 2188 Aetolo
617 2148 851 2190 volitantem
882 2149 1046 2202 pulvere
1079 2153 1248 2188 matrem

195 2304 263 2337 143
289 2301 434 2346 rumpit
452 2301 704 2347 Luetjohann,
728 2301 834 2347 rupit
853 2302 979 2346 codd.,·
1004 2301 1050 2345 cf.
1074 2301 1178 2348 Vesry.
1198 2300 1292 2337 Aen.
1308 2301 1368 2346 II,
1382 2303 1459 2337 129
1465 2316 1480 2346 ;

96 2349 179 2395 III,
198 2352 295 2394 246;
322 2350 395 2393 XI,
417 2351 493 2385 377
518 2351 530 2394 ΙΙ
558 2354 624 2386 152
654 2350 844 2385 consumit
871 2349 1031 2385 TCPF
1060 2351 1071 2395 ΙΙ
1105 2353 1172 2385 167
1199 2350 1362 2385 matrem
1391 2349 1479 2396 Ma]

99 2399 260 2434 martem
286 2395 357 2434 Mb
368 2398 424 2433 Ta
436 2397 553 2434 OPF
572 2397 635 2434 vel
661 2409 811 2434 currum
839 2397 896 2434 Tb
916 2400 928 2445 ΙΙ
