1592 2612
125 131 183 174 60
613 124 761 161 LIBER,
785 122 1005 160 'ruimus

127 232 332 272 scendere.
405 228 444 271 3.
489 230 630 282 igitur,
675 226 781 279 quod
826 225 913 265 loco
958 225 1135 277 primore
1182 222 1271 262 fieri
1314 233 1389 276 par
1433 226 1507 277 est,

126 294 280 344 agimus
307 292 455 344 gratias
485 289 632 329 uberes
659 287 832 341 Christo,
866 286 935 338 qui
962 289 1109 324 statum
1137 282 1389 324 celsitudinis
1415 287 1507 323 tuae

126 358 170 392 ut
202 352 395 391 hactenus
433 354 646 403 parentum
678 346 886 388 nobilitate
921 344 1152 398 decorabat,
1191 345 1247 384 ita
1285 345 1365 384 iam
1398 355 1508 384 nunc

127 412 336 452 titulorum
380 409 579 463 parilitate
625 409 802 462 fastigat3
848 405 967 447 simul
1013 411 1052 445 et
1090 406 1318 445 animorum
1356 403 1507 457 spebus

91 474 274 513 5erectis
313 472 372 511 fas
410 475 472 510 est
509 470 558 509 de
600 474 735 509 cetero
775 480 938 521 sperare
978 466 1155 505 meliora.
1219 470 1329 505 certe
1363 463 1508 505 creber

127 531 432 586 provincialium
476 542 608 570 sermo
654 534 716 569 est
762 540 908 568 annum
949 527 1099 566 bonum
1142 525 1191 566 de
1230 527 1387 578 magnis
1426 537 1508 566 non

126 599 207 633 tam
246 591 443 632 fructibus
482 603 601 643 quam
639 588 905 642 potestatibus
948 587 1275 627 existimandum.
1338 598 1417 639 qua
1458 585 1508 626 de

128 666 170 692 re
215 657 393 692 vestrum
431 656 511 705 est,
556 651 716 690 domine
755 651 902 702 maior,
947 649 1289 701 exspectationem
1326 651 1508 687 nostram

128 712 446 766 competentibus
480 709 813 763 dispositionibus
846 710 1062 749 munerari.
1114 721 1207 748 nam
1239 719 1396 748 memor
1428 708 1509 747 ori-

76 787 109 814 10
129 774 234 826 ginis
278 778 368 812 tuae
414 771 610 812 nobilium
650 770 728 810 sibi
769 770 972 823 persuasit
1009 770 1273 822 universitas,
1318 767 1511 821 quamdiu

128 846 200 874 nos
234 833 372 873 Sabini
404 832 553 872 familia
586 832 756 885 rexerit,
789 830 997 870 Sabiniani
1029 829 1221 870 familiam
1253 842 1334 869 non
1365 830 1512 869 timen-

131 894 231 933 dam.
282 892 380 933 vale.

770 1020 869 1064 VII.

424 1103 651 1140 s1D0N1us
677 1102 836 1140 FELICI
863 1102 955 1139 suo
983 1102 1226 1139 SALUTEM.

225 1180 262 1221 1.
290 1180 471 1233 Longum
497 1193 519 1220 a
539 1180 685 1220 litteris
712 1181 957 1233 temperatis.
1000 1181 1124 1232 igitur
1143 1180 1306 1231 utrique
1327 1183 1513 1218 nostrum

81 1255 115 1282 15
133 1254 221 1281 mos
255 1254 350 1281 suus
384 1243 531 1294 agitur:
563 1253 636 1292 ego
670 1242 815 1294 garrio,
847 1253 917 1280 vos
943 1241 1098 1280 tacetis.
1150 1239 1257 1279 unde
1286 1240 1420 1293 etiam,
1451 1239 1516 1278 vir

133 1302 181 1342 ad
214 1300 368 1354 reliqua
407 1301 502 1341 fidei
540 1301 670 1340 officia
707 1302 901 1355 insignis,
935 1313 1063 1353 genus
1102 1313 1195 1340 reor
1227 1312 1316 1340 esse
1349 1300 1515 1339 virtutis

133 1366 244 1402 tanto
282 1366 322 1401 te
363 1363 443 1401 otio
482 1374 563 1401 non
595 1373 714 1414 posse
747 1361 900 1401 lassari.
964 1361 1109 1413 ecquid
1142 1372 1415 1413 numquamne
1449 1372 1513 1400 re-

135 1427 275 1474 spectu
307 1421 519 1462 movebere
552 1421 832 1461 familiaritatis
865 1423 1064 1475 antiquae,
1095 1426 1141 1462 ut
1166 1421 1329 1461 tandem
1362 1433 1383 1460 a
1420 1432 1516 1460 con-

135 1482 318 1522 tinuandi
345 1481 495 1522 silentii
520 1483 726 1534 proposito
753 1482 897 1534 pedem
924 1479 1107 1522 referas?
1151 1486 1220 1522 aut
1245 1482 1393 1535 nescis,
1421 1482 1515 1534 quia

83 1557 118 1583 20
137 1541 296 1594 garrulo
340 1555 421 1582 non
465 1542 710 1595 respondere
750 1544 974 1582 convicium
1015 1540 1109 1583 est‘?
1177 1547 1221 1583 tu
1267 1543 1416 1582 retices
1453 1541 1517 1582 vel

136 1602 480 1655 bybliothecarum
511 1603 669 1642 medius
700 1602 762 1642 vel
795 1607 979 1655 togarum
1007 1608 1047 1643 et
1073 1616 1095 1643 a
1121 1615 1184 1643 me
1213 1603 1391 1642 officium
1417 1614 1515 1656 pau-

137 1664 287 1715 pertini
314 1664 511 1702 sermonis
538 1667 737 1716 expectas,
771 1664 836 1703 cui
862 1663 1079 1717 scribendi,
1112 1665 1147 1703 si
1172 1663 1275 1703 bene
1302 1664 1517 1717 perspicis,

137 1724 264 1775 magis
290 1728 352 1762 est
377 1723 546 1763 facilitas
574 1735 694 1776 quam
720 1723 898 1763 facultas.
933 1722 971 1763 2.
1000 1729 1108 1763 certe
1135 1723 1198 1762 vel
1224 1727 1356 1763 metus
1377 1728 1518 1763 noster

137 1784 346 1823 materiam
367 1783 457 1823 stilo
478 1788 547 1823 tuo
574 1783 705 1837 faciat,
731 1789 1014 1836 mementoque
1040 1785 1241 1823 viatorum
1262 1796 1406 1823 manus
1427 1795 1516 1836 gra-

85 1857 119 1884 25
138 1856 230 1883 vare
270 1843 419 1883 chartis
429 1875 440 1897 ,
480 1845 667 1895 quatinus
700 1845 922 1884 amicorum
955 1856 1051 1883 cura
1083 1844 1303 1897 relevetur,
1341 1849 1382 1884 et
1413 1843 1517 1884 indi-

139 1916 229 1943 care
263 1903 420 1957 festina,
453 1905 487 1942 si
520 1916 638 1956 quam
670 1905 831 1956 praevio
859 1904 934 1944 deo
962 1909 1152 1956 quaestor
1177 1903 1409 1944 Licinianus
1435 1909 1517 1944 tre-

139 1963 334 2016 pidationi
378 1968 538 2003 mutuae
584 1965 745 2003 ianuam
790 1965 1019 2004 securitatis
1058 1965 1274 2017 aperuerit.
1344 1976 1518 2017 persona

141 2023 339 2075 siquidem
371 2028 444 2078 est,
476 2028 522 2063 ut
552 2023 778 2077 perhibent,
810 2036 953 2077 magna
986 2026 1262 2077 expectatione
1295 2027 1424 2065 maior
1449 2025 1518 2065 ad-

141 2089 273 2138 ventu,
311 2083 441 2124 relatu
479 2083 664 2124 sublimis
700 2085 951 2136 inspectione
984 2084 1197 2125 sublimior
1228 2090 1268 2125 et
1300 2085 1350 2125 ob
1384 2087 1518 2125 omnia

239 2216 259 2246 3
286 2211 379 2254 iam]
414 2210 531 2260 etiam
560 2211 592 2248 O
611 2213 623 2257 ΙΙ
651 2214 693 2247 11
720 2211 869 2247 familia
900 2213 1042 2248 rexerit
1074 2212 1267 2249 sabiniani
1295 2213 1327 2250 Ο
1349 2215 1363 2259 ΙΙ
1395 2217 1438 2249 13
1465 2217 1520 2251 to-

141 2263 217 2295 tam
243 2271 295 2304 ep.
322 2259 406 2295 VII
423 2271 489 2296 om.
514 2260 548 2295 T
568 2261 572 2305 Ι
595 2260 875 2306 inscriptionem
899 2273 936 2296 u.
957 2273 989 2297 v.
1010 2274 1042 2298 v.
1064 2273 1133 2298 om.
1154 2261 1190 2297 L
1208 2263 1221 2308 {l
1242 2264 1286 2297 17
1311 2272 1520 2307 numquam

139 2318 214 2344 ne*
241 2310 278 2352 (1
307 2308 329 2343 l.
356 2319 447 2344 eras.
469 2308 537 2353 ΡΙ)
547 2308 593 2353 P,
623 2319 833 2353 numquam
863 2319 933 2344 nec
959 2309 1200 2356 Luetjohawn
1230 2312 1242 2354 ΙΙ
1275 2312 1320 2345 18
1347 2309 1521 2346 continu·

141 2354 234 2391 andi
260 2355 361 2398 LN,
394 2355 606 2391 continuati
631 2356 683 2391 M
691 2355 773 2402 VC,
800 2356 858 2392 vel
887 2356 1136 2393 continuandi
1161 2357 1299 2394 melius
1326 2358 1412 2395 add.
1439 2369 1467 2395 s.
1495 2359 1519 2395 l.

141 2403 360 2449 M²V¹1122
389 2403 449 2439 cui
476 2404 564 2440 LN
592 2404 761 2441 Vatican.
785 2406 894 2450 3421,
922 2405 1028 2441 cuius
1062 2406 1151 2443 VM
1155 2405 1186 2442 0
1200 2407 1213 2453 ΙΙ
